2920 4862
636 279 680 346 67

120 459 155 516 et
174 445 399 516 vetustissimus
425 456 653 515 commentator
676 445 762 536 legit
806 447 925 526 Quinto
949 443 972 534 ἦ
995 448 1099 522 καλὸν
1122 453 1184 539 pri-

119 556 190 600 mns
218 556 281 600 orn.
324 534 423 602 Sexto
453 555 511 620 pro
537 535 591 602 acl
615 527 693 622 μήν’
717 539 825 604 εἰπεῖν
849 534 948 601 habet
967 537 1024 604 καὶ
1046 563 1098 624 μη
1120 533 1184 606 τοτ’

119 625 238 686 εἰπεῖν.
269 612 388 706 Έπέχο
409 617 520 703 (sic).”
561 617 630 684 Iam
650 617 693 686 ad
713 618 820 686 ultima
840 619 988 686 venimus.
1033 619 1081 686 Ad
1102 645 1185 710 qnae

119 703 202 768 haec
226 707 402 803 annotavit:
431 695 544 782 »Ἀλλ’
567 705 675 791 ἔλεγες
700 729 777 790 περι
799 693 825 794 ᾦ
850 699 988 793 danaim]
1031 705 1185 774 Vetustis-

120 789 216 854 simos
249 787 329 874 legit
360 782 430 856 αλλ’
464 791 573 873 ἔλεγες
609 789 723 874 βοοῖν
756 813 857 874 περι
892 790 986 858 ἰδίω
1020 787 1184 872 drucio.

120 873 283 938 Sententia
319 893 396 938 sane
428 869 490 936 hoc
524 870 619 938 modo
652 873 726 946 lecti
760 871 822 938 loci
854 873 914 952 erit
950 875 1184 961 percommoda.

118 955 243 1058 Alioqui
270 965 303 1022 ct
324 953 439 1024 Daniel
462 955 648 1108 Burharupp
673 957 757 1043 (sic)
785 968 874 1024 notat
899 955 1004 1024 locum
1032 979 1104 1026 esse
1126 981 1184 1026 no·

649 1066 667 1108 a

117 1063 201 1107 mane
227 1040 332 1106 mendi
355 1041 564 1128 suspectum.”
669 1064 707 1108 ec
724 1041 801 1110 ille..
833 1039 1120 1116 Vetustissimum
1140 1045 1185 1112 ri·

117 1126 213 1192 detur
237 1123 352 1200 dixisse
377 1135 672 1195 commentatorem:
703 1126 795 1194 cuius
817 1125 955 1210 vestigiis
980 1125 1184 1196 insistendum

117 1210 178 1277 erit
199 1209 229 1276 ei
250 1211 303 1298 qui
324 1211 387 1278 boc
411 1211 541 1278 monstri
567 1209 698 1278 domare
724 1207 951 1298 aggredietur:
979 1210 1039 1316 ipsi
1066 1211 1185 1282 frustra

117 1294 335 1369 laboravimus.
383 1294 468 1364 Nam
488 1295 574 1384 quod
596 1297 628 1362 in
649 1307 787 1372 mentem
806 1306 951 1362 venerat:
981 1288 1050 1366 αλλ’
1076 1300 1185 1387 ἔλεγες

118 1373 256 1467 βοόων
281 1380 378 1465 aaspl
404 1396 489 1449 cato
516 1382 630 1448 nemini
650 1404 686 1448 se
707 1378 982 1448 commendaverit
1023 1378 1105 1446 lllud
1126 1385 1183 1450 ob-

117 1465 302 1536 tinebimus,
334 1487 444 1534 rocem
471 1466 586 1535 desolo
613 1501 656 1516 ·-
684 1466 789 1532 codex
815 1462 932 1530 Dresd.
961 1465 1038 1548 accpi
1064 1453 1103 1534 ὧι
1133 1469 1185 1536 δι-

17 1571 18 1580 ’
69 1563 73 1572 ’
119 1551 274 1618 ναίων-
294 1549 325 1614 in
347 1549 463 1618 alienos
485 1546 564 1618 lires
583 1550 721 1618 irruisse.
763 1548 957 1618 Cooiicimua
977 1559 1101 1632 autem,
1126 1552 1183 1618 ini·

118 1635 198 1700 tium
224 1634 345 1706 sactum
372 1633 470 1702 luisse
496 1637 538 1701 ab
564 1657 603 1702 ea
631 1659 710 1704 voce
738 1632 887 1722 strophae
912 1627 1088 1736 sequentis,
1120 1661 1185 1740 qua

116 1718 267 1822 phlcpeum
298 1718 434 1786 adcanto
465 1718 506 1787 sit
543 1721 667 1810 poetria
705 1721 860 1814 appellato
892 1729 924 1787 ct
954 1741 1025 1807 rpoa
1057 1741 1184 1792 nomme

116 1825 235 1870 rarus:
932 1846 935 1854 ·

128 1827 377 1956 ΡἈλνοοΐο
430 1935 439 1956 .
495 1935 504 1955 .
562 1934 571 1953 .
755 1935 926 1974 ..-

116 1972 185 2040 Sed
210 1975 290 2040 haec
313 1971 378 2039 aliis
401 1972 490 2042 cordi
512 1980 613 2040 sunto.

200 2057 258 2125 Fr.
276 2057 380 2124 XLII.
408 2081 517 2126 versus
544 2056 630 2160 prior
657 2055 744 2145 apud
768 2055 1032 2140 Ghoeroboscum
1060 2059 1093 2125 in
1115 2057 1186 2126 Aldi

115 2143 227 2209 Cornu
248 2143 371 2230 Copiae
392 2167 422 2231 p.
431 2147 504 2211 268.
525 2154 638 2210 ortatus
659 2165 722 2208 non
743 2143 880 2232 scriptus
902 2162 967 2223 est,
996 2158 1032 2212 ut
1054 2145 1184 2230 'l'oupio

117 2227 253 2295 credidit
284 2227 425 2304 Neuius,
467 2230 531 2296 sic:
573 2225 819 2316 Eripooppocdpu
852 2229 1005 2304 Μναΐδος
1037 2232 1092 2308 aul
1121 2230 1186 2304 τοῖς

118 2309 254 2387 ἁπαλοῖς
283 2310 459 2399 Πορινῶς,
485 2312 558 2378 ·οοᾱ
589 2313 622 2377 in
653 2323 761 2378 nostro
797 2324 884 2385 certe
917 2314 1085 2402 exemplari
1118 2312 1183 2379 sic:

116 2392 367 2508 'dpooppdccpor
391 2395 562 2510 Mcoidqr,
591 2397 645 2463 acl
672 2399 732 2502 pp'p
757 2392 874 2504 primicie
900 2401 1061 2508 rpdprvoic·
1093 2401 1185 2466 ἔστιν

114 2505 527 2640 dicfflhddhnallddocldolhud
551 2481 1185 2650 ddrhhhrwldddgldloeteddroddhioSshhtddl
1218 2641 1220 2644 .

115 2659 301 2737 tectumque
333 2662 392 2718 eat.
446 2649 514 2716 Sed
542 2647 658 2713 ibidem
690 2648 774 2713 aliud
809 2650 940 2718 affertur
971 2653 1182 2738 fragmentum
1221 2687 1222 2702 ν

117 2735 314 2824 Sepphoris,
341 2737 368 2802 si
390 2733 650 2814 recte'coniicio‚
680 2735 755 2799 satis
776 2737 986 2802 memorabile.
1038 2738 1183 2802 Ohoero-

116 2823 251 2888 besem:
281 2813 358 2908 Τὴν
379 2812 568 2906 αἰτιανινῆν
592 2825 624 2886 οἱ
646 2817 777 2891 Αἰολεῖς
801 2822 856 2886 καὶ
879 2821 982 2908 μόνοι
1003 2823 1184 2904 προςθέσει

114 2909 179 2974 τοῦ
197 2913 220 2978 ν
237 2909 377 2976 ἐποίουν
397 2903 460 2992 τὴν
481 2898 589 2991 ληνῶν
610 2903 690 2985 (scr.
705 2895 870 2990 Λάτων)·1
889 2906 932 2981 ὥς
952 2909 1009 2976 ναὶ
1030 2903 1052 2993 η’
1073 2909 1185 2996 χρῆσις

117 2991 227 3100 riphat·
248 2985 567 3096 dydv'ditdf'duif
586 2987 739 3097 pudsey
758 3001 800 3073 >·(·
815 2985 893 3094 νῆν
913 2985 1181 3096 οἷνοοδρόμον

116 3081 506 3245 “miiihiidiioih'ii
523 3083 1052 3226 thtthhshttthm
1073 3163 1182 3225 artam.

115 3265 181 3330 que
200 3242 347 3310 reddere.
389 3243 504 3310 Dicam
524 3253 628 3310 tamen
649 3241 725 3328 quid
747 3243 892 3330 opinatus
912 3185 1034 3309 lherim.
1075 3243 1183 3310 Possit

115 3329 248 3418 Sappho
270 3327 386 3394 diuisae
406 3327 448 3393 de
468 3331 596 3414 Cyrene
616 3327 769 3412 nympha,
795 3347 889 3414 quam
911 3329 1083 3395 Chironem
1099 3328 1182 3396 ‘edu-

116 3437 208 3482 casae
229 3413 313 3482 fama
336 3412 411 3496 suit,
440 3412 472 3478 in
494 3411 578 3478 bunc
602 3409 750 3477 modum:
793 3457 796 3462 -
935 3463 937 3472 Α
1124 3465 1128 3476 .

699 3493 811 3580 ἥρων
842 3494 1056 3576 ἐξεδίδοξε

200 3575 408 3669 Κυράναν
429 3606 473 3650 νο
494 3601 537 3632 ⁴
559 3605 581 3648 ο
604 3575 886 3664 νονὺδρομον.

115 3669 162 3735 Ut
193 3666 406 3754 νανύδρομον
438 3665 480 3734 de
511 3664 616 3752 puella
650 3664 825 3741 voratrice,
866 3664 990 3752 qrmlem
1022 3663 1182 3731 Pindarus

115 3751 283 3835 describit,
318 3753 454 3840 positum
481 3751 541 3819 sit:
578 3771 650 3816 uam
680 3744 890 3836 οένυοδρόμον
920 3749 992 3816 nibil
1021 3761 1087 3816 est:
1122 3749 1181 3817 sed

116 3851 241 3928 poterat
267 3839 512 3924 οαννοίδρομον
537 3858 618 3902 esse.
655 3833 749 3921 ’,Ἠρω
768 3846 877 3901 autem
898 3834 1104 3902 Aeolensibus
1128 3857 1182 3902 so·
1270 3859 1272 3869 ¹

118 3925 220 3992 nuerit
257 3924 340 3990 idem
376 3919 464 4008 quod
502 3921 628 4025 reliquis
668 3919 802 3987 Graecis
835 3918 934 4008 ἦρωΐς
967 3917 1015 3984 rel
1047 3913 1181 4006 ἦροΐνη.

116 4010 216 4077 Multo
237 4017 343 4077 lamen
362 4005 554 4095 probabilius
575 4004 649 4072 rllud
671 4016 737 4084 est,
752 4002 870 4090 Ἥρων
892 4003 1007 4069 dixisse
1026 4005 1180 4092 poetriam

116 4117 211 4162 unam
243 4092 354 4180 puellis·
383 4091 425 4160 de
456 4091 674 4180 popularibus,
711 4111 794 4176 quae
824 4086 859 4154 id
891 4109 1004 4156 nomen
1035 4089 1180 4175 'gesserit

117 4183 162 4248 Ut
182 4199 273 4244 nnnc*
286 4201 337 4243 res
359 4187 425 4255 eat,
456 4178 529 4242 nihil
550 4176 651 4242 dirimi
675 4187 788 4262 potest.
840 4202 889 4250 ,sp

201 4265 369 4332 Postremo
398 4261 501 4338 tonnis
529 4261 591 4326 loci
617 4259 767 4348 Sapphioi
796 4258 947 4326 memoria
972 4267 1077 4324 exstat
1096 4255 1179 4344 apud

116 4348 316 4420 Eustuthium
336 4347 477 4435 Opuscc.
502 4370 531 4435 p.
544 4346 624 4430 345,
644 4345 695 4430 ot.
725 4346 824 4414 Φιλίο
850 4369 902 4418 arc
928 4339 1053 4430 optati]
1074 4347 1180 4414 molv-

854 4455 901 4522 5*
