2920 4862
817 285 864 354 db

313 463 362 532 bis
384 457 657 550 persuadebimus,
685 452 742 523 sed
762 473 804 521 en
830 451 896 520 tide
914 461 1185 520 monumentorum
1206 473 1377 542 propaga-

313 563 390 616 tum.
444 545 573 612 Scilicet
600 541 684 610 idem
712 539 909 607 Aristarchus
942 539 1034 606 crisin
1061 561 1149 605 suam
1176 539 1379 626 impertierat

314 630 509 699 Archilocho.
530 665 573 684 --
624 626 729 694 Altero
757 645 848 691 vorsu
878 624 1042 692 Plutarchi
1070 625 1170 690 codex
1192 624 1224 689 D
1253 627 1380 712 νοροίν,

315 715 410 784 codd.
432 717 461 782 C
482 715 512 781 n
531 717 572 780 G.
592 711 712 778 Hsrlei.
734 709 812 776 coit.
833 708 914 774 Nov.
935 711 1035 778 Mose.
1043 711 1073 774 2.
1093 708 1255 797 γορεύων,
1277 709 1378 795 vulgo

357 801 465 889 ριῦον,
486 798 643 866 verissime
661 797 793 881 Γαρίων
811 793 1025 876 notrannus,
1043 794 1159 882 ‚confer
1175 793 1380 861 Lobeckinm
1407 839 1410 844 -

313 827 434 976 ffiryn.
453 877 581 973 nort„
610 881 664 970 qui
686 881 771 946 idem
794 881 977 948 coniectura
1001 890 1164 947 assecutus
1190 891 1246 945 est.

398 967 447 1036 Ad
468 967 601 1034 eundem
622 965 798 1046 Gitonem,
824 965 979 1052 Leptinen
1003 965 1117 1046 filium,
1144 964 1300 1054 scriptum
1330 974 1379 1033 est

318 1055 376 1124 Fr.
394 1054 451 1121 XI.
475 1054 567 1134 xit,
597 1051 683 1141 quod
704 1052 748 1118 ita
766 1049 881 1118 edunt:
1223 1085 1230 1102 ι

400 1155 501 1232 Τοῑος
522 1153 729 1241 οίνθροίποιοι
749 1147 883 1262 θυρεός,
908 1149 1064 1254 Γλαῦκε,ς
1073 1148 1247 1222 Λεπτίνεω
1271 1151 1355 1233 πάϊ,

403 1243 540 1310 Γίνεται
557 1248 711 1324 θνητοῖς,
733 1231 847 1322 ῦκοιην
866 1229 953 1312 Zetis
974 1241 1014 1324 ἐφ
1042 1239 1171 1324 ημίρην
1193 1235 1266 1325 ἄγει

398 1323 466 1393 Kat
488 1327 644 1411 φρονοῦσι
664 1319 738 1402 τοῖ’,
761 1315 883 1398 ὁκοίως
905 1322 1096 1408 ἐγκορέωοιν
1118 1329 1291 1409 ἔργμασιν.

316 1427 447 1494 Partem
474 1425 586 1490 horum
607 1425 752 1490 'versuum
773 1421 901 1490 laudarit
920 1422 982 1488 Dio
1009 1445 1084 1490 enes
1106 1423 1214 1490 noers
1235 1423 1294 1504 IX,
1312 1425 1379 1504 71.

316 1521 500 1664 &tenuatus
531 1509 720 1611 Plutarchus
749 1507 791 1574 de
817 1507 889 1576 Vita
921 1520 954 1575 et
981 1444 1075 1574 Docti
1104 1509 1201 1573 Hom.
1229 1531 1261 1596 p.
1283 1510 1378 1576 1195.
1439 1583 1440 1597 η

317 1591 1379 1768 nii?srii.ffui¹’i¹a¹{1.¹‘'g⁹.⁸1†isTss⁰is.Pii{i.'ii‘.i'nit..¹y⁵31

318 1764 423 1832 Schoi.
444 1763 475 1829 in
495 1765 651 1850 Hermog.
666 1699 736 1841 vffl
753 1762 861 1848 nbat.
883 1763 982 1830 Waiz.
1024 1764 1097 1864 Nou
1120 1763 1272 1849 attingam
1296 1787 1379 1852 quse
1442 1724 1443 1814 ί

318 1861 408 1916 recte
428 1849 544 1935 scripta
564 1861 652 1915 sunt:
674 1847 783 1914 vitiosa
802 1847 969 1932 corrigam.
1012 1847 1151 1913 Primum
1173 1847 1244 1914 ioco
1264 1845 1380 1935 θυμὸς
1442 1835 1443 1916 ί

319 1945 423 2000 exstat
443 1937 525 2010 νοῦς
545 1933 629 2020 apud
648 1932 826 2019 Diogenem
849 1944 881 2000 et
901 1933 953 2018 qui
976 1931 1138 2021 exscripsit
1159 1956 1232 2000 eum
1247 1934 1380 2010 suidam

318 2043 345 2086 s.
365 2042 392 2084 v.
412 2011 634 2104 Πυρρώνειοι,
654 2029 721 2084 tum
741 2017 947 2106 in·Anouymi
969 2017 1073 2084 Schoi.
1097 2017 1257 2084 codicibus
1279 2019 1379 2086 omni-

319 2105 379 2168 bus
394 2101 478 2190 apud
492 2101 643 2168 Wainium
657 2116 719 2168 est:
737 2097 949 2186 Ἀνθρώποις
968 2099 1061 2180 νόος
1078 2102 1207 2172 Γλαῦκε
1219 2104 1264 2170 Λ.
1278 2099 1379 2196 [Mon.

318 2183 479 2277 Λεπτῖνε]
505 2201 578 2254 παῖ.
620 2185 742 2252 Ibidem
762 2183 877 2272 ὁκοίην
899 2199 1061 2256 servarunt
1084 2187 1152 2254 iibri
1174 2187 1275 2255 Paris.
1294 2191 1325 2256 2.
1348 2202 1380 2257 et

319 2273 445 2339 Monac.
494 2271 538 2338 Et
558 2267 635 2347 νόος
656 2269 783 2360 quidem
803 2271 994 2340 verissimum
1022 2297 1093 2340 esse
1123 2274 1230 2424 arguit
1259 2285 1292 2342 et
1308 2298 1381 2341 seu-

320 2357 418 2508 tfiutia
438 2356 561 2507 ipsgdet
584 2358 741 2510 qngmlgg
764 2355 873 2423 oculos
904 2357 1013 2427 habuit
1041 2369 1153 2449 poete!
1188 2359 1271 2428 arius
1290 2357 1380 2428 locus

357 2463 454 2507 omen
532 2465 657 2532 yos,
741 2491 750 2510 .

377 2567 379 2571 ’
406 2541 508 2622 Totos
524 2539 588 2632 γοίρ
615 2539 708 2620 νόος
729 2545 1046 2638 ἐστίν’ἐπιχθονίοιν
1068 2539 1278 2632 οίνθροίνιων,

405 2627 479 2698 οἷον
498 2628 550 2696 drr’
571 2623 666 2716 ἦμαρ
688 2627 785 2720 ἄγησι
807 2629 918 2720 πατὴρ
938 2625 1067 2717 οίνδρῦν
1087 2655 1124 2698 τε
1144 2633 1234 2700 θεοῖν
1257 2657 1307 2700 τε.

320 2728 388 2799 Sed
408 2725 483 2796 iilud
503 2739 539 2796 ut
558 2729 694 2798 numeris
716 2744 878 2822 aptaretur
898 2753 960 2797 non
980 2723 1005 2798 ὦ
1023 2730 1155 2801 Γλαῦκε
1173 2732 1380 2800 abnuentibus

320 2817 405 2882 iibris
427 2815 540 2882 tentari
562 2815 715 2884 debebat:
737 2819 869 2906 vestigia
885 2815 1033 2885 librorum
1049 2839 1088 2881 eo
1105 2813 1240 2896 ducunt,
1264 2828 1300 2885 ut
1318 2813 1382 2907 γοίρ

344 2900 505 2966 articulum
533 2899 729 2967 intercidisse
760 2915 944 2970 statuamus.
1003 2901 1085 2967 Num
1120 2899 1205 2990 apud
1236 2901 1381 2968 Pseudo·

320 2923 404 3052 Diut.
426 2984 467 3048 de
487 2984 615 3052 Nobiiit.
636 2986 653 3050 Ι.
675 3007 703 3050 c.
724 2997 788 3053 est:
825 3003 913 3062 τοῖος
935 2980 1141 3072 ἀνθρώποισι
1169 2980 1234 3076 γείρ
1255 2987 1382 3075 θυμός,

320 3069 467 3219 ἰάοοιὶηιε
487 3067 518 3132 iu
539 3067 622 3134 libris
644 3070 761 3178 aliquot
782 3071 924 3138 'l'heonis
946 3082 1116 3160 comparet.
1443 3097 1444 3106 ¹

436 3151 591 3220 coiectum
612 3162 726 3241 θῦμος
746 3167 794 3222 est
815 3157 855 3222 ab
877 3155 931 3237 iis,
960 3157 1013 3244 qui
1041 3156 1060 3221 ii
1088 3168 1245 3226 amentum
1273 3181 1382 3228 versus

271 3271 274 3280 ·
322 3239 553 3314 exturbassent,
572 3179 1215 3354 postresarturismensuramsyibabarum.
1256 3242 1384 3312 Deinde

320 3347 379 3416 pro
394 3318 448 3411 ἐφ’
470 3321 599 3414 ἡμέρην
614 3327 697 3414 apud
713 3325 889 3414 Diogenem
908 3322 959 3395 ἐπ’
975 3325 1103 3414 ἦμερην
1119 3327 1168 3392 vui
1195 3339 1273 3406 atur,
1296 3330 1383 3416 quod

323 3411 479 3478 sincerum
500 3410 689 3490 indicamus,
710 3411 784 3480 licet
805 3412 1039 3478 Frobenianum
1058 3349 1232 3501 exempfirm
1254 3411 1382 3501 reliquis
1441 3411 1445 3532 4

322 3516 415 3582 opem
437 3493 533 3572 serat,
555 3497 608 3582 qui
629 3496 755 3586 quidem
777 3497 843 3562 iere
864 3510 896 3566 et
916 3493 1063 3602 ηἠιίραν
1083 3497 1125 3562 od
1149 3520 1240 3566 suum
1261 3520 1382 3565 sermo-

323 3581 793 3734 itt.⁹.⁰‘ttt.⁰‘tttt..i¹2¹i⁵
813 3582 1382 3736 “tritit‘⁰⁰ttt³‘ttbittit·

322 3749 401 3816 meri
422 3748 595 3835 flagitabat.
642 3693 931 3820 'tertiunbnversum
951 3690 1111 3820 Ιείοοίοείοε
1133 3775 1206 3820 curn
1226 3754 1383 3842 prioribus

324 3833 570 3900 consociandum
591 3832 716 3903 docuit:
738 3848 839 3904 exstat
857 3839 888 3904 in
910 3835 1047 3924 Dialogo
1068 3838 1114 3904 Dr
1136 3841 1187 3905 xia
1207 3837 1288 3904 inter
1308 3839 1383 3906 Pia-

323 3919 445 3987 tonicos
491 3919 585 3999 nat,
605 3919 663 3992 n..
683 3933 851 4010 excerptus
871 3923 912 3989 ab
931 3922 1072 3988 Stobaeo
1123 3923 1200 3991 ioril.
1212 3923 1317 3999 XCII,
1328 3925 1382 3992 21.

325 4003 454 4070 Gaisior
477 4004 694 4072 .Firmundae
714 4007 889 4074 sententiae
908 4027 1019 4072 vereor
1035 4029 1075 4075 ne
1095 4031 1158 4075 nou
1174 4021 1264 4074 recte
1284 4008 1382 4076 udro-

325 4089 442 4154 carerit
462 4090 595 4157 Sextum
614 4089 809 4179 Empiricum
822 4093 906 4174 ·v·11‚
934 4113 966 4180 p.
983 4091 1057 4160 398.
1097 4094 1165 4164 Καί
1192 4089 1384 4184 Ἀρχίλοχῦε

325 4197 406 4274 gnos
427 4170 504 4248 τοῦτ’
525 4169 723 4264 dodonienses
743 4180 882 4246 τοιαῦτα
904 4193 1057 4267 φρονεῖν,
1084 4177 1207 4266 ῦποίην
1226 4178 1313 4254 Ζεῦς
1333 4180 1383 4265 ἐφ’

323 4255 496 4342 ηριέρανοί
518 4285 564 4326 ss:
585 4281 658 4331 nem
677 4263 775 4329 verbu
793 4265 935 4334 τοιαῦτα
956 4277 1090 4351 φρονεῖν
1109 4285 1149 4329 ex
1163 4262 1384 4351 priorepotius

325 4340 476 4408 versiculo
493 4283 605 4416 bausit
646 4346 716 4416 Sed
731 4345 806 4416 iiiud
819 4369 880 4438 per
893 4371 931 4416 se
951 4361 1081 4420 uenum.
1116 4347 1280 4436 ’ltaigitur
1293 4347 1384 4435 iuga:
