<?xml version="1.0" encoding="UTF-8"?>
<!DOCTYPE html PUBLIC "-//W3C//DTD XHTML 1.0 Transitional//EN"
    "http://www.w3.org/TR/xhtml1/DTD/xhtml1-transitional.dtd">
<html xmlns="http://www.w3.org/1999/xhtml" xml:lang="en" lang="en">
 <head>
  <title>
</title>
<meta http-equiv="Content-Type" content="text/html;charset=utf-8" />
  <meta name='ocr-system' content='tesseract 3.04.00' />
  <meta name='ocr-capabilities' content='ocr_page ocr_carea ocr_par ocr_line ocrx_word'/>
</head>
<body>
  <div class='ocr_page' id='page_1' title='image "./eustathiiprooem00schngoog_0056.png"; bbox 0 0 2920 4862; ppageno 0'>
   <div class='ocr_carea' id='block_1_1' title="bbox 168 633 1116 872">
    <p class='ocr_par' dir='ltr' id='par_1_1' title="bbox 168 633 1116 872">
     <span class='ocr_line' id='line_1_1' title="bbox 168 633 1116 746; baseline 0.013 -12"><span class='ocrx_word' id='word_1_1' title='bbox 168 633 550 738; x_wconf 84' lang='lat' dir='ltr'><strong>Exercitationurn</strong></span> <span class='ocrx_word' id='word_1_2' title='bbox 581 650 845 742; x_wconf 73' lang='lat' dir='ltr'><strong>criticorum</strong></span> <span class='ocrx_word' id='word_1_3' title='bbox 881 651 931 742; x_wconf 90' lang='lat' dir='ltr'><strong>in</strong></span> <span class='ocrx_word' id='word_1_4' title='bbox 962 657 1116 746; x_wconf 86' lang='lat' dir='ltr'><strong>Poelas</strong></span> 
     </span>
     <span class='ocr_line' id='line_1_2' title="bbox 548 781 741 872; baseline 0 0"><span class='ocrx_word' id='word_1_5' title='bbox 548 781 741 872; x_wconf 87' lang='lat' dir='ltr'><strong>Graecos</strong></span> 
     </span>
    </p>
   </div>
   <div class='ocr_carea' id='block_1_2' title="bbox 442 941 950 1109">
    <p class='ocr_par' dir='ltr' id='par_1_2' title="bbox 442 941 950 1109">
     <span class='ocr_line' id='line_1_3' title="bbox 442 941 950 1109; baseline 0.008 -27"><span class='ocrx_word' id='word_1_6' title='bbox 442 1005 657 1108; x_wconf 80' lang='lat' dir='ltr'><strong>Caput</strong></span> <span class='ocrx_word' id='word_1_7' title='bbox 727 1010 847 1109; x_wconf 85' lang='lat' dir='ltr'><strong>v1.·)</strong></span> <span class='ocrx_word' id='word_1_8' title='bbox 949 941 950 948; x_wconf 6' lang='grc' dir='ltr'>ἵ</span> 
     </span>
    </p>
   </div>
   <div class='ocr_carea' id='block_1_3' title="bbox 113 1154 1171 1315">
    <p class='ocr_par' dir='ltr' id='par_1_3' title="bbox 113 1154 1171 1315">
     <span class='ocr_line' id='line_1_4' title="bbox 113 1154 1171 1312; baseline 0.009 -90"><span class='ocrx_word' id='word_1_9' title='bbox 113 1154 391 1228; x_wconf 84' lang='lat' dir='ltr'><strong>Emendantur</strong></span> <span class='ocrx_word' id='word_1_10' title='bbox 410 1157 492 1228; x_wconf 89' lang='lat' dir='ltr'><strong>loci</strong></span> <span class='ocrx_word' id='word_1_11' title='bbox 512 1159 769 1312; x_wconf 59' lang='lat' dir='ltr'><strong>⁰¹¹¹l³¹⁰³⁰¹¹¹2</strong></span> <span class='ocrx_word' id='word_1_12' title='bbox 790 1161 981 1247; x_wconf 78' lang='lat' dir='ltr'><strong>Hesiodi,</strong></span> <span class='ocrx_word' id='word_1_13' title='bbox 1004 1163 1171 1232; x_wconf 84' lang='lat' dir='ltr'><strong>Solonis</strong></span> 
     </span>
     <span class='ocr_line' id='line_1_5' title="bbox 551 1267 734 1315; baseline 0.011 -2"><span class='ocrx_word' id='word_1_14' title='bbox 551 1267 571 1313; x_wconf 89' lang='lat' dir='ltr'><strong>a</strong></span> <span class='ocrx_word' id='word_1_15' title='bbox 594 1267 734 1315; x_wconf 85' lang='lat' dir='ltr'><strong>rorum.</strong></span> 
     </span>
    </p>
   </div>
   <div class='ocr_carea' id='block_1_4' title="bbox 102 1429 1276 2787">
    <p class='ocr_par' dir='ltr' id='par_1_4' title="bbox 110 1429 1172 1694">
     <span class='ocr_line' id='line_1_6' title="bbox 191 1429 1172 1524; baseline 0.003 -28"><span class='ocrx_word' id='word_1_16' title='bbox 191 1429 399 1518; x_wconf 81' lang='lat' dir='ltr'><strong>Recipioham</strong></span> <span class='ocrx_word' id='word_1_17' title='bbox 421 1451 517 1520; x_wconf 85' lang='lat' dir='ltr'><strong>supra</strong></span> <span class='ocrx_word' id='word_1_18' title='bbox 533 1456 585 1500; x_wconf 85' lang='lat' dir='ltr'><strong>ma</strong></span> <span class='ocrx_word' id='word_1_19' title='bbox 605 1434 841 1524; x_wconf 86' lang='lat' dir='ltr'><strong>explanaturum</strong></span> <span class='ocrx_word' id='word_1_20' title='bbox 859 1433 936 1524; x_wconf 86' lang='lat' dir='ltr'><strong>quid</strong></span> <span class='ocrx_word' id='word_1_21' title='bbox 955 1433 997 1500; x_wconf 91' lang='lat' dir='ltr'><strong>de</strong></span> <span class='ocrx_word' id='word_1_22' title='bbox 1012 1431 1063 1499; x_wconf 94' lang='lat' dir='ltr'><strong>illo</strong></span> <span class='ocrx_word' id='word_1_23' title='bbox 1081 1455 1172 1501; x_wconf 84' lang='lat' dir='ltr'><strong>versu</strong></span> 
     </span>
     <span class='ocr_line' id='line_1_7' title="bbox 112 1512 1172 1610; baseline 0.007 -32"><span class='ocrx_word' id='word_1_24' title='bbox 112 1512 296 1582; x_wconf 71' lang='lat' dir='ltr'><strong>Callimachi</strong></span> <span class='ocrx_word' id='word_1_25' title='bbox 314 1517 509 1584; x_wconf 88' lang='lat' dir='ltr'><strong>sentiendum</strong></span> <span class='ocrx_word' id='word_1_26' title='bbox 531 1532 629 1594; x_wconf 79' lang='lat' dir='ltr'><strong>esset,</strong></span> <span class='ocrx_word' id='word_1_27' title='bbox 658 1541 752 1609; x_wconf 91' lang='lat' dir='ltr'><strong>qoem</strong></span> <span class='ocrx_word' id='word_1_28' title='bbox 771 1533 954 1610; x_wconf 83' lang='lat' dir='ltr'><strong>corruptum</strong></span> <span class='ocrx_word' id='word_1_29' title='bbox 975 1519 1099 1608; x_wconf 86' lang='lat' dir='ltr'><strong>prolert</strong></span> <span class='ocrx_word' id='word_1_30' title='bbox 1119 1519 1172 1586; x_wconf 76' lang='lat' dir='ltr'><strong>Et.</strong></span> 
     </span>
     <span class='ocr_line' id='line_1_8' title="bbox 110 1595 693 1694; baseline 0.014 -32"><span class='ocrx_word' id='word_1_31' title='bbox 110 1595 151 1664; x_wconf 85' lang='lat' dir='ltr'><strong>tt.</strong></span> <span class='ocrx_word' id='word_1_32' title='bbox 170 1615 200 1665; x_wconf 78' lang='lat' dir='ltr'><strong>v.</strong></span> <span class='ocrx_word' id='word_1_33' title='bbox 223 1597 338 1688; x_wconf 72' lang='grc' dir='ltr'><em>ἁρμοῖ.</em></span> <span class='ocrx_word' id='word_1_34' title='bbox 360 1597 451 1687; x_wconf 78' lang='grc' dir='ltr'><strong><em>παραὶ</em></strong></span> <span class='ocrx_word' id='word_1_35' title='bbox 472 1601 693 1694; x_wconf 77' lang='grc' dir='ltr'><strong><em>Καλλιμάχῳ·</em></strong></span> 
     </span>
    </p>

    <p class='ocr_par' dir='ltr' id='par_1_5' title="bbox 109 1679 1173 2031">
     <span class='ocr_line' id='line_1_9' title="bbox 191 1679 1151 1780; baseline 0.002 -30"><span class='ocrx_word' id='word_1_36' title='bbox 191 1679 441 1771; x_wconf 74' lang='grc' dir='ltr'><strong><em>Ἀργισῖγσέρ</em></strong></span> <span class='ocrx_word' id='word_1_37' title='bbox 468 1686 646 1756; x_wconf 80' lang='grc' dir='ltr'><strong><em>Δαναῶν</em></strong></span> <span class='ocrx_word' id='word_1_38' title='bbox 673 1689 723 1780; x_wconf 79' lang='grc' dir='ltr'><strong>γῆ</strong></span> <span class='ocrx_word' id='word_1_39' title='bbox 750 1683 800 1764; x_wconf 73' lang='grc' dir='ltr'><strong>ὥς</strong></span> <span class='ocrx_word' id='word_1_40' title='bbox 827 1682 909 1756; x_wconf 77' lang='lat' dir='ltr'><strong>olrrd</strong></span> <span class='ocrx_word' id='word_1_41' title='bbox 928 1687 1151 1773; x_wconf 79' lang='grc' dir='ltr'><strong><em>βσνγεὲως.</em></strong></span> 
     </span>
     <span class='ocr_line' id='line_1_10' title="bbox 109 1767 1172 1858; baseline 0.003 -26"><span class='ocrx_word' id='word_1_42' title='bbox 109 1767 198 1835; x_wconf 87' lang='lat' dir='ltr'><strong>Viam</strong></span> <span class='ocrx_word' id='word_1_43' title='bbox 236 1768 449 1838; x_wconf 78' lang='lat' dir='ltr'>emendaturis</span> <span class='ocrx_word' id='word_1_44' title='bbox 480 1771 580 1843; x_wconf 86' lang='lat' dir='ltr'><strong>munit</strong></span> <span class='ocrx_word' id='word_1_45' title='bbox 613 1774 666 1858; x_wconf 80' lang='lat' dir='ltr'><strong>qui</strong></span> <span class='ocrx_word' id='word_1_46' title='bbox 698 1773 834 1839; x_wconf 90' lang='lat' dir='ltr'><strong>eundem</strong></span> <span class='ocrx_word' id='word_1_47' title='bbox 862 1793 986 1840; x_wconf 83' lang='lat' dir='ltr'><strong>versum</strong></span> <span class='ocrx_word' id='word_1_48' title='bbox 1017 1770 1110 1836; x_wconf 92' lang='lat' dir='ltr'><strong>alium</strong></span> <span class='ocrx_word' id='word_1_49' title='bbox 1141 1773 1172 1836; x_wconf 93' lang='lat' dir='ltr'><strong>in</strong></span> 
     </span>
     <span class='ocr_line' id='line_1_11' title="bbox 109 1855 1173 1946; baseline 0.006 -29"><span class='ocrx_word' id='word_1_50' title='bbox 109 1873 200 1920; x_wconf 88' lang='lat' dir='ltr'><strong>usum</strong></span> <span class='ocrx_word' id='word_1_51' title='bbox 221 1855 479 1924; x_wconf 86' lang='lat' dir='ltr'><strong>commemorarit</strong></span> <span class='ocrx_word' id='word_1_52' title='bbox 499 1857 678 1946; x_wconf 73' lang='lat' dir='ltr'><strong>Hesychius</strong></span> <span class='ocrx_word' id='word_1_53' title='bbox 700 1881 725 1926; x_wconf 89' lang='lat' dir='ltr'><strong>s.</strong></span> <span class='ocrx_word' id='word_1_54' title='bbox 739 1881 765 1924; x_wconf 87' lang='lat' dir='ltr'><strong>r.</strong></span> <span class='ocrx_word' id='word_1_55' title='bbox 786 1857 991 1945; x_wconf 80' lang='grc' dir='ltr'><strong><em>Βοαγενέαν·</em></strong></span> <span class='ocrx_word' id='word_1_56' title='bbox 1024 1859 1091 1925; x_wconf 78' lang='grc' dir='ltr'><strong>τῶν</strong></span> <span class='ocrx_word' id='word_1_57' title='bbox 1109 1881 1173 1942; x_wconf 80' lang='grc' dir='ltr'><strong>με·</strong></span> 
     </span>
     <span class='ocr_line' id='line_1_12' title="bbox 109 1939 511 2031; baseline 0.007 -25"><span class='ocrx_word' id='word_1_58' title='bbox 109 1941 240 2007; x_wconf 79' lang='grc' dir='ltr'><strong><em>λισσῶν.</em></strong></span> <span class='ocrx_word' id='word_1_59' title='bbox 278 1939 511 2031; x_wconf 71' lang='grc' dir='ltr'><strong><em>Καλλίμαχος·</em></strong></span> 
     </span>
    </p>

    <p class='ocr_par' dir='ltr' id='par_1_6' title="bbox 102 2019 1276 2787">
     <span class='ocr_line' id='line_1_13' title="bbox 187 2019 1173 2118; baseline 0.002 -30"><span class='ocrx_word' id='word_1_60' title='bbox 187 2021 382 2111; x_wconf 72' lang='lat' dir='ltr'><strong>“Apporto</strong></span> <span class='ocrx_word' id='word_1_61' title='bbox 411 2019 497 2110; x_wconf 81' lang='lat' dir='ltr'><strong>rrolp</strong></span> <span class='ocrx_word' id='word_1_62' title='bbox 524 2023 698 2094; x_wconf 77' lang='grc' dir='ltr'><strong><em>Δαναοῦ</em></strong></span> <span class='ocrx_word' id='word_1_63' title='bbox 722 2028 798 2118; x_wconf 72' lang='grc' dir='ltr'><strong>γῆς</strong></span> <span class='ocrx_word' id='word_1_64' title='bbox 824 2025 894 2094; x_wconf 73' lang='grc' dir='ltr'><strong>ἐπὶ</strong></span> <span class='ocrx_word' id='word_1_65' title='bbox 922 2023 1173 2112; x_wconf 79' lang='grc' dir='ltr'><strong><em>βσσγενὲων.</em></strong></span> 
     </span>
     <span class='ocr_line' id='line_1_14' title="bbox 108 2103 1171 2197; baseline 0.001 -25"><span class='ocrx_word' id='word_1_66' title='bbox 108 2107 176 2177; x_wconf 85' lang='lat' dir='ltr'><strong>Kal</strong></span> <span class='ocrx_word' id='word_1_67' title='bbox 195 2105 218 2196; x_wconf 79' lang='grc' dir='ltr'><em>ἦ</em></span> <span class='ocrx_word' id='word_1_68' title='bbox 240 2111 377 2194; x_wconf 72' lang='grc' dir='ltr'><strong><em>μέλισσα</em></strong></span> <span class='ocrx_word' id='word_1_69' title='bbox 399 2103 581 2197; x_wconf 66' lang='grc' dir='ltr'><strong><em>βουγενὴς,</em></strong></span> <span class='ocrx_word' id='word_1_70' title='bbox 602 2107 654 2176; x_wconf 76' lang='grc' dir='ltr'><strong>ὅτι</strong></span> <span class='ocrx_word' id='word_1_71' title='bbox 675 2115 709 2178; x_wconf 79' lang='grc' dir='ltr'><strong>ἐν</strong></span> <span class='ocrx_word' id='word_1_72' title='bbox 723 2112 842 2197; x_wconf 78' lang='grc' dir='ltr'><strong><em>βοείων</em></strong></span> <span class='ocrx_word' id='word_1_73' title='bbox 862 2103 982 2178; x_wconf 76' lang='grc' dir='ltr'><strong><em>ὀστέων</em></strong></span> <span class='ocrx_word' id='word_1_74' title='bbox 1002 2111 1171 2195; x_wconf 72' lang='grc' dir='ltr'><strong><em>γεννᾶται.</em></strong></span> 
     </span>
     <span class='ocr_line' id='line_1_15' title="bbox 108 2191 1276 2296; baseline -0.001 -38"><span class='ocrx_word' id='word_1_75' title='bbox 108 2193 146 2258; x_wconf 86' lang='lat' dir='ltr'><strong>ln</strong></span> <span class='ocrx_word' id='word_1_76' title='bbox 168 2193 254 2258; x_wconf 84' lang='lat' dir='ltr'><strong>hunc</strong></span> <span class='ocrx_word' id='word_1_77' title='bbox 273 2193 401 2258; x_wconf 88' lang='lat' dir='ltr'><strong>modum</strong></span> <span class='ocrx_word' id='word_1_78' title='bbox 427 2191 622 2296; x_wconf 76' lang='lat' dir='ltr'><strong>interpolavit</strong></span> <span class='ocrx_word' id='word_1_79' title='bbox 645 2193 813 2264; x_wconf 90' lang='lat' dir='ltr'><strong>Musurus:</strong></span> <span class='ocrx_word' id='word_1_80' title='bbox 847 2193 948 2260; x_wconf 80' lang='lat' dir='ltr'><strong>codex</strong></span> <span class='ocrx_word' id='word_1_81' title='bbox 971 2193 1110 2260; x_wconf 86' lang='lat' dir='ltr'><strong>Venetus</strong></span> <span class='ocrx_word' id='word_1_82' title='bbox 1137 2194 1169 2257; x_wconf 93' lang='lat' dir='ltr'><strong>in</strong></span> <span class='ocrx_word' id='word_1_83' title='bbox 1272 2196 1276 2207; x_wconf 74' lang='grc'><strong>“</strong></span> 
     </span>
     <span class='ocr_line' id='line_1_16' title="bbox 108 2277 1171 2378; baseline 0.002 -38"><span class='ocrx_word' id='word_1_84' title='bbox 108 2277 304 2362; x_wconf 71' lang='grc' dir='ltr'><strong><em>Ιασιασισβ</em></strong></span> <span class='ocrx_word' id='word_1_85' title='bbox 363 2279 447 2345; x_wconf 77' lang='grc' dir='ltr'><strong><em>σνῶν</em></strong></span> <span class='ocrx_word' id='word_1_86' title='bbox 469 2280 579 2356; x_wconf 74' lang='lat' dir='ltr'><strong>oliam,</strong></span> <span class='ocrx_word' id='word_1_87' title='bbox 602 2292 717 2378; x_wconf 84' lang='lat' dir='ltr'><strong>poetae</strong></span> <span class='ocrx_word' id='word_1_88' title='bbox 738 2293 843 2348; x_wconf 84' lang='lat' dir='ltr'><strong>autem</strong></span> <span class='ocrx_word' id='word_1_89' title='bbox 860 2279 954 2344; x_wconf 86' lang='lat' dir='ltr'><strong>verba</strong></span> <span class='ocrx_word' id='word_1_90' title='bbox 972 2277 1019 2342; x_wconf 88' lang='lat' dir='ltr'><strong>sio</strong></span> <span class='ocrx_word' id='word_1_91' title='bbox 1039 2277 1171 2364; x_wconf 89' lang='lat' dir='ltr'><strong>scripta:</strong></span> 
     </span>
     <span class='ocr_line' id='line_1_17' title="bbox 102 2360 1173 2450; baseline -0.005 -19"><span class='ocrx_word' id='word_1_92' title='bbox 102 2360 279 2448; x_wconf 68' lang='grc' dir='ltr'><strong><em>Ἄρμανσι</em></strong></span> <span class='ocrx_word' id='word_1_93' title='bbox 304 2385 378 2446; x_wconf 84' lang='grc' dir='ltr'><strong>γαρ</strong></span> <span class='ocrx_word' id='word_1_94' title='bbox 399 2360 544 2431; x_wconf 80' lang='grc' dir='ltr'><strong><em>Δανάαν</em></strong></span> <span class='ocrx_word' id='word_1_95' title='bbox 572 2385 593 2447; x_wconf 91' lang='grc' dir='ltr'><strong><em>γ</em></strong></span> <span class='ocrx_word' id='word_1_96' title='bbox 615 2387 633 2437; x_wconf 77' lang='grc' dir='ltr'><em>ς</em></span> <span class='ocrx_word' id='word_1_97' title='bbox 654 2365 710 2430; x_wconf 77' lang='grc' dir='ltr'><strong>ἐπὶ</strong></span> <span class='ocrx_word' id='word_1_98' title='bbox 737 2366 884 2450; x_wconf 79' lang='grc' dir='ltr'><strong><em>γινὲας.</em></strong></span> <span class='ocrx_word' id='word_1_99' title='bbox 935 2361 1084 2429; x_wconf 86' lang='lat' dir='ltr'><strong>Ultimum</strong></span> <span class='ocrx_word' id='word_1_100' title='bbox 1109 2361 1173 2427; x_wconf 91' lang='lat' dir='ltr'><strong>noli</strong></span> 
     </span>
     <span class='ocr_line' id='line_1_18' title="bbox 108 2387 1172 2536; baseline -0.001 -23"><span class='ocrx_word' id='word_1_101' title='bbox 108 2445 234 2513; x_wconf 73' lang='lat' dir='ltr'><strong>mironi:</strong></span> <span class='ocrx_word' id='word_1_102' title='bbox 256 2449 324 2530; x_wconf 77' lang='grc' dir='ltr'><strong>βσα</strong></span> <span class='ocrx_word' id='word_1_103' title='bbox 342 2445 424 2512; x_wconf 91' lang='lat' dir='ltr'><strong>enim</strong></span> <span class='ocrx_word' id='word_1_104' title='bbox 445 2467 502 2532; x_wconf 88' lang='lat' dir='ltr'><strong>per</strong></span> <span class='ocrx_word' id='word_1_105' title='bbox 522 2387 667 2511; x_wconf 73' lang='lat' dir='ltr'><strong>taedam</strong></span> <span class='ocrx_word' id='word_1_106' title='bbox 687 2447 857 2515; x_wconf 87' lang='lat' dir='ltr'><strong>indicatum</strong></span> <span class='ocrx_word' id='word_1_107' title='bbox 879 2459 964 2526; x_wconf 86' lang='lat' dir='ltr'><strong>crat,</strong></span> <span class='ocrx_word' id='word_1_108' title='bbox 992 2459 1028 2513; x_wconf 91' lang='lat' dir='ltr'><strong>ut</strong></span> <span class='ocrx_word' id='word_1_109' title='bbox 1046 2446 1088 2512; x_wconf 93' lang='lat' dir='ltr'><strong>de</strong></span> <span class='ocrx_word' id='word_1_110' title='bbox 1108 2469 1172 2536; x_wconf 89' lang='lat' dir='ltr'><strong>quo</strong></span> 
     </span>
     <span class='ocr_line' id='line_1_19' title="bbox 109 2529 1171 2620; baseline -0.001 -23"><span class='ocrx_word' id='word_1_111' title='bbox 109 2551 289 2597; x_wconf 84' lang='lat' dir='ltr'><strong>sermonem</strong></span> <span class='ocrx_word' id='word_1_112' title='bbox 310 2553 381 2596; x_wconf 85' lang='lat' dir='ltr'><strong>esse</strong></span> <span class='ocrx_word' id='word_1_113' title='bbox 401 2540 571 2596; x_wconf 83' lang='lat' dir='ltr'><strong>testaretur</strong></span> <span class='ocrx_word' id='word_1_114' title='bbox 593 2529 714 2597; x_wconf 91' lang='lat' dir='ltr'><strong>lemma.</strong></span> <span class='ocrx_word' id='word_1_115' title='bbox 756 2534 831 2620; x_wconf 89' lang='lat' dir='ltr'><strong>lpse</strong></span> <span class='ocrx_word' id='word_1_116' title='bbox 844 2531 996 2620; x_wconf 89' lang='lat' dir='ltr'><strong>Hesychii</strong></span> <span class='ocrx_word' id='word_1_117' title='bbox 1018 2531 1105 2596; x_wconf 90' lang='lat' dir='ltr'><strong>locus</strong></span> <span class='ocrx_word' id='word_1_118' title='bbox 1124 2533 1171 2597; x_wconf 87' lang='lat' dir='ltr'><strong>rel</strong></span> 
     </span>
     <span class='ocr_line' id='line_1_20' title="bbox 107 2613 1171 2704; baseline -0.001 -23"><span class='ocrx_word' id='word_1_119' title='bbox 107 2617 152 2681; x_wconf 78' lang='lat' dir='ltr'><strong>ah</strong></span> <span class='ocrx_word' id='word_1_120' title='bbox 174 2613 338 2681; x_wconf 85' lang='lat' dir='ltr'><strong>conditore</strong></span> <span class='ocrx_word' id='word_1_121' title='bbox 357 2615 467 2680; x_wconf 82' lang='lat' dir='ltr'><strong>Lexici</strong></span> <span class='ocrx_word' id='word_1_122' title='bbox 492 2613 602 2680; x_wconf 84' lang='lat' dir='ltr'><strong>inscite</strong></span> <span class='ocrx_word' id='word_1_123' title='bbox 632 2618 786 2685; x_wconf 86' lang='lat' dir='ltr'><strong>conflatus</strong></span> <span class='ocrx_word' id='word_1_124' title='bbox 815 2617 861 2682; x_wconf 88' lang='lat' dir='ltr'><strong>vel</strong></span> <span class='ocrx_word' id='word_1_125' title='bbox 888 2627 1064 2704; x_wconf 88' lang='lat' dir='ltr'><strong>temporum</strong></span> <span class='ocrx_word' id='word_1_126' title='bbox 1093 2616 1171 2680; x_wconf 91' lang='lat' dir='ltr'><strong>iniu-</strong></span> 
     </span>
     <span class='ocr_line' id='line_1_21' title="bbox 102 2699 1171 2787; baseline -0.005 -20"><span class='ocrx_word' id='word_1_127' title='bbox 102 2701 163 2767; x_wconf 76' lang='lat' dir='ltr'><strong>riis</strong></span> <span class='ocrx_word' id='word_1_128' title='bbox 191 2700 328 2766; x_wconf 87' lang='lat' dir='ltr'><strong>immane</strong></span> <span class='ocrx_word' id='word_1_129' title='bbox 353 2711 506 2787; x_wconf 87' lang='lat' dir='ltr'><strong>quantum</strong></span> <span class='ocrx_word' id='word_1_130' title='bbox 533 2699 656 2764; x_wconf 87' lang='lat' dir='ltr'><strong>attritus</strong></span> <span class='ocrx_word' id='word_1_131' title='bbox 685 2713 741 2768; x_wconf 84' lang='lat' dir='ltr'><strong>est</strong></span> <span class='ocrx_word' id='word_1_132' title='bbox 792 2701 953 2775; x_wconf 81' lang='lat' dir='ltr'><strong>Bentleius</strong></span> <span class='ocrx_word' id='word_1_133' title='bbox 985 2700 1110 2786; x_wconf 84' lang='lat' dir='ltr'><strong>quidem</strong></span> <span class='ocrx_word' id='word_1_134' title='bbox 1128 2737 1171 2750; x_wconf 89' lang='lat'>—</span> 
     </span>
    </p>
   </div>
   <div class='ocr_carea' id='block_1_5' title="bbox 109 2782 1302 2873">
    <p class='ocr_par' dir='ltr' id='par_1_7' title="bbox 109 2782 1302 2873">
     <span class='ocr_line' id='line_1_22' title="bbox 109 2782 1302 2873; baseline 0.004 -23"><span class='ocrx_word' id='word_1_135' title='bbox 109 2807 185 2852; x_wconf 91' lang='lat' dir='ltr'><strong>narn</strong></span> <span class='ocrx_word' id='word_1_136' title='bbox 222 2785 413 2873; x_wconf 83' lang='lat' dir='ltr'><strong>reliquorum</strong></span> <span class='ocrx_word' id='word_1_137' title='bbox 451 2783 571 2852; x_wconf 90' lang='lat' dir='ltr'><strong>somnia</strong></span> <span class='ocrx_word' id='word_1_138' title='bbox 604 2782 678 2850; x_wconf 90' lang='lat' dir='ltr'><strong>sileo</strong></span> <span class='ocrx_word' id='word_1_139' title='bbox 706 2823 769 2858; x_wconf 49' lang='grc' dir='ltr'><strong>-η</strong></span> <span class='ocrx_word' id='word_1_140' title='bbox 783 2785 887 2873; x_wconf 73' lang='grc' dir='ltr'><em>ἁρμοῖ</em></span> <span class='ocrx_word' id='word_1_141' title='bbox 919 2796 952 2852; x_wconf 92' lang='lat' dir='ltr'><strong>et</strong></span> <span class='ocrx_word' id='word_1_142' title='bbox 986 2785 1171 2870; x_wconf 75' lang='grc' dir='ltr'><strong><em>βσσγενὲων</em></strong></span> <span class='ocrx_word' id='word_1_143' title='bbox 1296 2795 1302 2802; x_wconf 88' lang='grc'><strong>“</strong></span> 
     </span>
    </p>
   </div>
   <div class='ocr_carea' id='block_1_6' title="bbox 70 2869 1266 4226">
    <p class='ocr_par' dir='ltr' id='par_1_8' title="bbox 103 2869 1173 3212">
     <span class='ocr_line' id='line_1_23' title="bbox 108 2869 1170 2959; baseline -0.002 -22"><span class='ocrx_word' id='word_1_144' title='bbox 108 2872 275 2959; x_wconf 78' lang='lat' dir='ltr'><strong>utriusque</strong></span> <span class='ocrx_word' id='word_1_145' title='bbox 288 2869 493 2938; x_wconf 82' lang='lat' dir='ltr'><strong>Grammatioi</strong></span> <span class='ocrx_word' id='word_1_146' title='bbox 513 2869 696 2939; x_wconf 87' lang='lat' dir='ltr'><strong>testimoniis</strong></span> <span class='ocrx_word' id='word_1_147' title='bbox 712 2871 787 2938; x_wconf 86' lang='lat' dir='ltr'><strong>satis</strong></span> <span class='ocrx_word' id='word_1_148' title='bbox 804 2873 927 2938; x_wconf 87' lang='lat' dir='ltr'><strong>firmata</strong></span> <span class='ocrx_word' id='word_1_149' title='bbox 943 2869 1170 2936; x_wconf 86' lang='lat' dir='ltr'><strong>arbitrabatur:</strong></span> 
     </span>
     <span class='ocr_line' id='line_1_24' title="bbox 111 2953 1173 3042; baseline 0 -22"><span class='ocrx_word' id='word_1_150' title='bbox 111 2968 240 3023; x_wconf 83' lang='lat' dir='ltr'><strong>caetera</strong></span> <span class='ocrx_word' id='word_1_151' title='bbox 270 2957 392 3024; x_wconf 85' lang='lat' dir='ltr'><strong>incerta</strong></span> <span class='ocrx_word' id='word_1_152' title='bbox 424 2977 504 3022; x_wconf 85' lang='lat' dir='ltr'><strong>essa.</strong></span> <span class='ocrx_word' id='word_1_153' title='bbox 560 2954 848 3042; x_wconf 79' lang='lat' dir='ltr'><strong>Callimachumque</strong></span> <span class='ocrx_word' id='word_1_154' title='bbox 880 2965 968 3023; x_wconf 88' lang='lat' dir='ltr'><strong>ratus</strong></span> <span class='ocrx_word' id='word_1_155' title='bbox 998 2953 1173 3042; x_wconf 86' lang='lat' dir='ltr'><strong>appellasse·</strong></span> 
     </span>
     <span class='ocr_line' id='line_1_25' title="bbox 109 3037 1170 3129; baseline 0 -25"><span class='ocrx_word' id='word_1_156' title='bbox 109 3055 217 3128; x_wconf 80' lang='lat' dir='ltr'><strong>apum</strong></span> <span class='ocrx_word' id='word_1_157' title='bbox 230 3051 359 3106; x_wconf 78' lang='lat' dir='ltr'><strong>ternam</strong></span> <span class='ocrx_word' id='word_1_158' title='bbox 370 3039 524 3126; x_wconf 80' lang='lat' dir='ltr'><strong>Hyblam</strong></span> <span class='ocrx_word' id='word_1_159' title='bbox 537 3037 688 3118; x_wconf 73' lang='lat' dir='ltr'><strong>sortasse</strong></span> <span class='ocrx_word' id='word_1_160' title='bbox 702 3043 757 3107; x_wconf 82' lang='lat' dir='ltr'><strong>vel</strong></span> <span class='ocrx_word' id='word_1_161' title='bbox 769 3043 986 3129; x_wconf 77' lang='lat' dir='ltr'><strong>Hymettum,</strong></span> <span class='ocrx_word' id='word_1_162' title='bbox 999 3040 1044 3106; x_wconf 88' lang='lat' dir='ltr'><strong>ita</strong></span> <span class='ocrx_word' id='word_1_163' title='bbox 1058 3039 1170 3106; x_wconf 87' lang='lat' dir='ltr'><strong>edidit:</strong></span> 
     </span>
     <span class='ocr_line' id='line_1_26' title="bbox 103 3119 1030 3212; baseline 0.003 -24"><span class='ocrx_word' id='word_1_164' title='bbox 103 3137 106 3147; x_wconf 85' lang='lat'>&#39;</span> <span class='ocrx_word' id='word_1_165' title='bbox 196 3119 409 3210; x_wconf 65' lang='lat' dir='ltr'><strong>‘Appol&#39;rrolp</strong></span> <span class='ocrx_word' id='word_1_166' title='bbox 428 3121 562 3195; x_wconf 80' lang='grc' dir='ltr'><strong><em>Δαναὸν</em></strong></span> <span class='ocrx_word' id='word_1_167' title='bbox 606 3128 646 3207; x_wconf 77' lang='grc' dir='ltr'><strong>ἧς</strong></span> <span class='ocrx_word' id='word_1_168' title='bbox 667 3123 734 3193; x_wconf 77' lang='grc' dir='ltr'><strong>ἀπὸ</strong></span> <span class='ocrx_word' id='word_1_169' title='bbox 755 3127 971 3212; x_wconf 80' lang='grc' dir='ltr'><strong><em>βοσγενὲαν.’</em></strong></span> <span class='ocrx_word' id='word_1_170' title='bbox 1027 3141 1030 3148; x_wconf 88' lang='grc'><strong><em>’</em></strong></span> 
     </span>
    </p>

    <p class='ocr_par' dir='ltr' id='par_1_9' title="bbox 113 3204 1174 3636">
     <span class='ocr_line' id='line_1_27' title="bbox 114 3204 1172 3294; baseline -0.004 -20"><span class='ocrx_word' id='word_1_171' title='bbox 114 3212 238 3278; x_wconf 79' lang='lat' dir='ltr'><strong>Contra</strong></span> <span class='ocrx_word' id='word_1_172' title='bbox 257 3218 378 3274; x_wconf 88' lang='lat' dir='ltr'><strong>tautum</strong></span> <span class='ocrx_word' id='word_1_173' title='bbox 399 3208 490 3275; x_wconf 89' lang='lat' dir='ltr'><strong>ahest</strong></span> <span class='ocrx_word' id='word_1_174' title='bbox 517 3220 553 3274; x_wconf 89' lang='lat' dir='ltr'><strong>ut</strong></span> <span class='ocrx_word' id='word_1_175' title='bbox 606 3209 784 3276; x_wconf 83' lang='lat' dir='ltr'><strong>allimachus</strong></span> <span class='ocrx_word' id='word_1_176' title='bbox 816 3209 857 3274; x_wconf 87' lang='lat' dir='ltr'><strong>de</strong></span> <span class='ocrx_word' id='word_1_177' title='bbox 878 3209 990 3294; x_wconf 88' lang='lat' dir='ltr'><strong>apibus</strong></span> <span class='ocrx_word' id='word_1_178' title='bbox 1017 3229 1056 3272; x_wconf 83' lang='lat' dir='ltr'><strong>ex</strong></span> <span class='ocrx_word' id='word_1_179' title='bbox 1078 3204 1172 3270; x_wconf 89' lang='lat' dir='ltr'><strong>oada-</strong></span> 
     </span>
     <span class='ocr_line' id='line_1_28' title="bbox 113 3290 1173 3376; baseline -0.005 -18"><span class='ocrx_word' id='word_1_180' title='bbox 113 3317 187 3362; x_wconf 83' lang='lat' dir='ltr'><strong>vere</strong></span> <span class='ocrx_word' id='word_1_181' title='bbox 216 3294 330 3360; x_wconf 84' lang='lat' dir='ltr'><strong>bovino</strong></span> <span class='ocrx_word' id='word_1_182' title='bbox 346 3293 441 3358; x_wconf 60' lang='lat' dir='ltr'><strong>‘natis</strong></span> <span class='ocrx_word' id='word_1_183' title='bbox 466 3292 592 3358; x_wconf 90' lang='lat' dir='ltr'><strong>locutus</strong></span> <span class='ocrx_word' id='word_1_184' title='bbox 620 3293 674 3371; x_wconf 81' lang='lat' dir='ltr'><strong>sit,</strong></span> <span class='ocrx_word' id='word_1_185' title='bbox 701 3304 737 3358; x_wconf 91' lang='lat' dir='ltr'><strong>ut</strong></span> <span class='ocrx_word' id='word_1_186' title='bbox 764 3315 804 3356; x_wconf 87' lang='lat' dir='ltr'><strong>ne</strong></span> <span class='ocrx_word' id='word_1_187' title='bbox 831 3293 862 3357; x_wconf 91' lang='lat' dir='ltr'><strong>in</strong></span> <span class='ocrx_word' id='word_1_188' title='bbox 890 3301 1026 3356; x_wconf 87' lang='lat' dir='ltr'><strong>mentem</strong></span> <span class='ocrx_word' id='word_1_189' title='bbox 1048 3290 1173 3376; x_wconf 80' lang='lat' dir='ltr'><strong>quidem</strong></span> 
     </span>
     <span class='ocr_line' id='line_1_29' title="bbox 117 3373 1173 3463; baseline 0 -23"><span class='ocrx_word' id='word_1_190' title='bbox 117 3381 244 3448; x_wconf 85' lang='lat' dir='ltr'><strong>venerit.</strong></span> <span class='ocrx_word' id='word_1_191' title='bbox 285 3377 440 3444; x_wconf 90' lang='lat' dir='ltr'><strong>Nimirum</strong></span> <span class='ocrx_word' id='word_1_192' title='bbox 463 3375 579 3442; x_wconf 76' lang='lat' dir='ltr'><strong>excidit</strong></span> <span class='ocrx_word' id='word_1_193' title='bbox 602 3389 674 3463; x_wconf 90' lang='lat' dir='ltr'><strong>post</strong></span> <span class='ocrx_word' id='word_1_194' title='bbox 688 3379 850 3462; x_wconf 73' lang='grc' dir='ltr'><strong><em>μελισσῶν</em></strong></span> <span class='ocrx_word' id='word_1_195' title='bbox 870 3374 977 3460; x_wconf 81' lang='lat' dir='ltr'><strong>glossa</strong></span> <span class='ocrx_word' id='word_1_196' title='bbox 993 3373 1060 3442; x_wconf 87' lang='lat' dir='ltr'><strong>fere</strong></span> <span class='ocrx_word' id='word_1_197' title='bbox 1081 3375 1173 3440; x_wconf 88' lang='lat' dir='ltr'><strong>hacc:</strong></span> 
     </span>
     <span class='ocr_line' id='line_1_30' title="bbox 114 3455 1174 3552; baseline -0.009 -19"><span class='ocrx_word' id='word_1_198' title='bbox 114 3464 342 3552; x_wconf 76' lang='grc' dir='ltr'><strong><em>Βσσγσνέσς·</em></strong></span> <span class='ocrx_word' id='word_1_199' title='bbox 368 3464 428 3530; x_wconf 77' lang='grc' dir='ltr'><strong>τοῦ</strong></span> <span class='ocrx_word' id='word_1_200' title='bbox 449 3466 485 3528; x_wconf 78' lang='grc' dir='ltr'><strong>ἐκ</strong></span> <span class='ocrx_word' id='word_1_201' title='bbox 504 3455 586 3546; x_wconf 74' lang='grc' dir='ltr'><strong>βοὸς</strong></span> <span class='ocrx_word' id='word_1_202' title='bbox 605 3463 849 3550; x_wconf 74' lang='grc' dir='ltr'><strong><em>γεννηθέντας,</em></strong></span> <span class='ocrx_word' id='word_1_203' title='bbox 875 3459 927 3524; x_wconf 88' lang='lat' dir='ltr'><strong>oni</strong></span> <span class='ocrx_word' id='word_1_204' title='bbox 948 3461 1174 3527; x_wconf 87' lang='lat' dir='ltr'><strong>contestandae</strong></span> 
     </span>
     <span class='ocr_line' id='line_1_31' title="bbox 116 3543 1173 3636; baseline -0.004 -24"><span class='ocrx_word' id='word_1_205' title='bbox 116 3549 277 3636; x_wconf 85' lang='lat' dir='ltr'><strong>appositas</strong></span> <span class='ocrx_word' id='word_1_206' title='bbox 292 3555 362 3615; x_wconf 87' lang='lat' dir='ltr'><strong>erat</strong></span> <span class='ocrx_word' id='word_1_207' title='bbox 379 3565 488 3612; x_wconf 87' lang='lat' dir='ltr'><strong>versus</strong></span> <span class='ocrx_word' id='word_1_208' title='bbox 508 3543 739 3626; x_wconf 63' lang='lat' dir='ltr'><strong>Callimachffls,</strong></span> <span class='ocrx_word' id='word_1_209' title='bbox 761 3545 814 3631; x_wconf 85' lang='lat' dir='ltr'><strong>qui</strong></span> <span class='ocrx_word' id='word_1_210' title='bbox 831 3545 874 3611; x_wconf 90' lang='lat' dir='ltr'><strong>ita</strong></span> <span class='ocrx_word' id='word_1_211' title='bbox 889 3545 1096 3632; x_wconf 78' lang='lat' dir='ltr'><strong>integrandas</strong></span> <span class='ocrx_word' id='word_1_212' title='bbox 1111 3555 1173 3612; x_wconf 89' lang='lat' dir='ltr'><strong>est:</strong></span> 
     </span>
    </p>

    <p class='ocr_par' dir='ltr' id='par_1_10' title="bbox 198 3625 1068 3720">
     <span class='ocr_line' id='line_1_32' title="bbox 198 3625 1068 3720; baseline 0.001 -23"><span class='ocrx_word' id='word_1_213' title='bbox 198 3629 339 3720; x_wconf 77' lang='grc' dir='ltr'><strong><em>Ἃργισῐ</em></strong></span> <span class='ocrx_word' id='word_1_214' title='bbox 362 3625 435 3719; x_wconf 72' lang='lat' dir='ltr'><strong>yolo</strong></span> <span class='ocrx_word' id='word_1_215' title='bbox 465 3627 625 3696; x_wconf 76' lang='grc' dir='ltr'><strong><em>Λαναοῦ</em></strong></span> <span class='ocrx_word' id='word_1_216' title='bbox 652 3633 729 3718; x_wconf 81' lang='grc' dir='ltr'><strong><em>γῆς·</em></strong></span> <span class='ocrx_word' id='word_1_217' title='bbox 752 3631 817 3698; x_wconf 80' lang='grc' dir='ltr'><strong>ἐπὶ</strong></span> <span class='ocrx_word' id='word_1_218' title='bbox 843 3630 1068 3716; x_wconf 74' lang='grc' dir='ltr'><strong><em>βσαγενὲος.</em></strong></span> 
     </span>
    </p>

    <p class='ocr_par' dir='ltr' id='par_1_11' title="bbox 70 3711 1266 4226">
     <span class='ocr_line' id='line_1_33' title="bbox 114 3711 1174 3806; baseline -0.007 -23"><span class='ocrx_word' id='word_1_219' title='bbox 114 3719 262 3806; x_wconf 81' lang='grc' dir='ltr'><strong><em>Βσσγσνῆ</em></strong></span> <span class='ocrx_word' id='word_1_220' title='bbox 281 3715 421 3806; x_wconf 82' lang='lat' dir='ltr'><strong>apellavit</strong></span> <span class='ocrx_word' id='word_1_221' title='bbox 441 3715 586 3782; x_wconf 87' lang='lat' dir='ltr'><strong>Danaum</strong></span> <span class='ocrx_word' id='word_1_222' title='bbox 609 3726 773 3802; x_wconf 89' lang='lat' dir='ltr'><strong>poetarum</strong></span> <span class='ocrx_word' id='word_1_223' title='bbox 793 3712 1035 3794; x_wconf 86' lang='lat' dir='ltr'><strong>eruditissimus,</strong></span> <span class='ocrx_word' id='word_1_224' title='bbox 1060 3713 1114 3800; x_wconf 89' lang='lat' dir='ltr'><strong>qui</strong></span> <span class='ocrx_word' id='word_1_225' title='bbox 1132 3711 1174 3778; x_wconf 89' lang='lat' dir='ltr'><strong>ad</strong></span> 
     </span>
     <span class='ocr_line' id='line_1_34' title="bbox 114 3798 1174 3888; baseline -0.008 -19"><span class='ocrx_word' id='word_1_226' title='bbox 114 3805 151 3869; x_wconf 85' lang='lat' dir='ltr'><strong>lo</strong></span> <span class='ocrx_word' id='word_1_227' title='bbox 168 3803 320 3888; x_wconf 86' lang='lat' dir='ltr'><strong>virginem</strong></span> <span class='ocrx_word' id='word_1_228' title='bbox 340 3799 467 3868; x_wconf 85' lang='lat' dir='ltr'><strong>consilio</strong></span> <span class='ocrx_word' id='word_1_229' title='bbox 487 3799 570 3869; x_wconf 85' lang='lat' dir='ltr'><strong>lovis</strong></span> <span class='ocrx_word' id='word_1_230' title='bbox 592 3799 699 3866; x_wconf 87' lang='lat' dir='ltr'><strong>forma&#39;</strong></span> <span class='ocrx_word' id='word_1_231' title='bbox 716 3800 826 3866; x_wconf 86' lang='lat' dir='ltr'><strong>bovina</strong></span> <span class='ocrx_word' id='word_1_232' title='bbox 846 3798 986 3868; x_wconf 90' lang='lat' dir='ltr'><strong>indutam</strong></span> <span class='ocrx_word' id='word_1_233' title='bbox 1007 3819 1110 3883; x_wconf 86' lang='lat' dir='ltr'><strong>genus</strong></span> <span class='ocrx_word' id='word_1_234' title='bbox 1123 3817 1174 3862; x_wconf 90' lang='lat' dir='ltr'><strong>re-</strong></span> 
     </span>
     <span class='ocr_line' id='line_1_35' title="bbox 115 3883 1173 3972; baseline -0.006 -18"><span class='ocrx_word' id='word_1_235' title='bbox 115 3891 233 3954; x_wconf 79' lang='lat' dir='ltr'><strong>ferret:</strong></span> <span class='ocrx_word' id='word_1_236' title='bbox 253 3888 305 3952; x_wconf 77' lang='lat' dir='ltr'><strong>ah</strong></span> <span class='ocrx_word' id='word_1_237' title='bbox 325 3885 376 3952; x_wconf 85' lang='lat' dir='ltr'><strong>illa</strong></span> <span class='ocrx_word' id='word_1_238' title='bbox 396 3885 478 3952; x_wconf 88' lang='lat' dir='ltr'><strong>enim</strong></span> <span class='ocrx_word' id='word_1_239' title='bbox 498 3884 651 3972; x_wconf 81' lang='lat' dir='ltr'><strong>Epaphus</strong></span> <span class='ocrx_word' id='word_1_240' title='bbox 673 3897 763 3952; x_wconf 90' lang='lat' dir='ltr'><strong>natus</strong></span> <span class='ocrx_word' id='word_1_241' title='bbox 784 3897 848 3964; x_wconf 86' lang='lat' dir='ltr'><strong>est,</strong></span> <span class='ocrx_word' id='word_1_242' title='bbox 864 3886 965 3950; x_wconf 79' lang='lat' dir='ltr'><strong>&#39;ouius</strong></span> <span class='ocrx_word' id='word_1_243' title='bbox 986 3883 1048 3947; x_wconf 90' lang='lat' dir='ltr'><strong>{ilia</strong></span> <span class='ocrx_word' id='word_1_244' title='bbox 1070 3883 1173 3970; x_wconf 87' lang='lat' dir='ltr'><strong>Libya</strong></span> 
     </span>
     <span class='ocr_line' id='line_1_36' title="bbox 114 3967 1266 4058; baseline -0.008 -18"><span class='ocrx_word' id='word_1_245' title='bbox 114 3975 146 4040; x_wconf 86' lang='lat' dir='ltr'>N</span> <span class='ocrx_word' id='word_1_246' title='bbox 188 3984 267 4039; x_wconf 86' lang='lat' dir='ltr'><strong>tun&#39;o</strong></span> <span class='ocrx_word' id='word_1_247' title='bbox 287 3969 409 4058; x_wconf 80' lang='lat' dir='ltr'><strong>peperit</strong></span> <span class='ocrx_word' id='word_1_248' title='bbox 428 3973 610 4056; x_wconf 81' lang='lat' dir='ltr'><strong>Agenorem</strong></span> <span class='ocrx_word' id='word_1_249' title='bbox 630 3981 662 4036; x_wconf 89' lang='lat' dir='ltr'><strong>et</strong></span> <span class='ocrx_word' id='word_1_250' title='bbox 682 3969 810 4037; x_wconf 90' lang='lat' dir='ltr'><strong>Belum:</strong></span> <span class='ocrx_word' id='word_1_251' title='bbox 845 3967 914 4035; x_wconf 89' lang='lat' dir='ltr'><strong>Beli</strong></span> <span class='ocrx_word' id='word_1_252' title='bbox 935 3968 987 4033; x_wconf 89' lang='lat' dir='ltr'><strong>lilii</strong></span> <span class='ocrx_word' id='word_1_253' title='bbox 1012 3969 1080 4053; x_wconf 85' lang='lat' dir='ltr'><strong>Aeg</strong></span> <span class='ocrx_word' id='word_1_254' title='bbox 1102 3979 1173 4054; x_wconf 90' lang='lat' dir='ltr'><strong>ptus</strong></span> <span class='ocrx_word' id='word_1_255' title='bbox 1263 3983 1266 3990; x_wconf 82' lang='lat'>·</span> 
     </span>
     <span class='ocr_line' id='line_1_37' title="bbox 116 3991 1173 4142; baseline -0.008 -16"><span class='ocrx_word' id='word_1_256' title='bbox 116 3994 312 4136; x_wconf 46' lang='lat' dir='ltr'><strong>archontas,</strong></span> <span class='ocrx_word' id='word_1_257' title='bbox 333 4054 653 4142; x_wconf 78' lang='lat' dir='ltr'><strong>v.apotod.11‚1‚4.</strong></span> <span class='ocrx_word' id='word_1_258' title='bbox 697 4055 814 4123; x_wconf 86' lang='lat' dir='ltr'><strong>Verum</strong></span> <span class='ocrx_word' id='word_1_259' title='bbox 833 4075 903 4118; x_wconf 86' lang='lat' dir='ltr'><strong>ease</strong></span> <span class='ocrx_word' id='word_1_260' title='bbox 917 4052 950 4117; x_wconf 93' lang='lat' dir='ltr'><strong>id</strong></span> <span class='ocrx_word' id='word_1_261' title='bbox 965 4051 1051 4139; x_wconf 89' lang='lat' dir='ltr'><strong>qnod</strong></span> <span class='ocrx_word' id='word_1_262' title='bbox 1070 3991 1173 4118; x_wconf 64' lang='lat' dir='ltr'><strong>docta-</strong></span> 
     </span>
     <span class='ocr_line' id='line_1_38' title="bbox 70 4135 1173 4226; baseline -0.005 -15"><span class='ocrx_word' id='word_1_263' title='bbox 70 4187 73 4194; x_wconf 58' lang='lat'>«</span> <span class='ocrx_word' id='word_1_264' title='bbox 116 4145 250 4211; x_wconf 73' lang='lat' dir='ltr'><strong>ravimus</strong></span> <span class='ocrx_word' id='word_1_265' title='bbox 265 4139 464 4209; x_wconf 75' lang='lat' dir='ltr'><strong>manifestant</strong></span> <span class='ocrx_word' id='word_1_266' title='bbox 477 4140 653 4226; x_wconf 89' lang='lat' dir='ltr'><strong>sequentia:</strong></span> <span class='ocrx_word' id='word_1_267' title='bbox 677 4141 739 4210; x_wconf 82' lang='lat' dir='ltr'><strong>aul</strong></span> <span class='ocrx_word' id='word_1_268' title='bbox 760 4137 783 4225; x_wconf 81' lang='grc' dir='ltr'><em>ἦ</em></span> <span class='ocrx_word' id='word_1_269' title='bbox 797 4139 936 4226; x_wconf 80' lang='grc' dir='ltr'><strong><em>μέλισσα</em></strong></span> <span class='ocrx_word' id='word_1_270' title='bbox 949 4135 1121 4226; x_wconf 71' lang='grc' dir='ltr'><strong><em>βουγενὴς.</em></strong></span> <span class='ocrx_word' id='word_1_271' title='bbox 1131 4175 1173 4189; x_wconf 93' lang='grc'><strong>-</strong></span> 
     </span>
    </p>
   </div>
   <div class='ocr_carea' id='block_1_7' title="bbox 93 4304 1045 4404">
    <p class='ocr_par' dir='ltr' id='par_1_12' title="bbox 93 4304 1045 4404">
     <span class='ocr_line' id='line_1_39' title="bbox 93 4304 1045 4404; baseline -0.013 -35"><span class='ocrx_word' id='word_1_272' title='bbox 93 4389 100 4404; x_wconf 32' lang='lat'><strong><em>⁹</em></strong></span> <span class='ocrx_word' id='word_1_273' title='bbox 188 4315 220 4386; x_wconf 89' lang='lat'><strong>1)</strong></span> <span class='ocrx_word' id='word_1_274' title='bbox 237 4315 327 4386; x_wconf 82' lang='lat' dir='ltr'><strong>capita</strong></span> <span class='ocrx_word' id='word_1_275' title='bbox 344 4304 456 4387; x_wconf 82' lang='lat' dir='ltr'><strong>nolitque</strong></span> <span class='ocrx_word' id='word_1_276' title='bbox 473 4317 557 4388; x_wconf 83' lang='lat' dir='ltr'><strong>priora</strong></span> <span class='ocrx_word' id='word_1_277' title='bbox 575 4313 724 4386; x_wconf 83' lang='lat' dir='ltr'><strong>prodierunt</strong></span> <span class='ocrx_word' id='word_1_278' title='bbox 740 4305 899 4375; x_wconf 78' lang='lat' dir='ltr'><strong>Brunsvissao</strong></span> <span class='ocrx_word' id='word_1_279' title='bbox 916 4307 994 4360; x_wconf 75' lang='lat' dir='ltr'><strong>luat.</strong></span> <span class='ocrx_word' id='word_1_280' title='bbox 1019 4307 1045 4358; x_wconf 81' lang='grc'><strong>4.</strong></span> 
     </span>
    </p>
   </div>
   <div class='ocr_carea' id='block_1_8' title="bbox 0 0 1464 4862">
    <p class='ocr_par' dir='ltr' id='par_1_13' title="bbox 0 0 1464 4862">
     <span class='ocr_line' id='line_1_40' title="bbox 0 0 1464 4862; baseline 0 0"><span class='ocrx_word' id='word_1_281' title='bbox 0 0 1464 4862; x_wconf 95' lang='lat' dir='ltr'><strong> </strong></span> 
     </span>
    </p>
   </div>
  </div>
 </body>
</html>
