<?xml version="1.0" encoding="UTF-8"?>
<!DOCTYPE html PUBLIC "-//W3C//DTD XHTML 1.0 Transitional//EN"
    "http://www.w3.org/TR/xhtml1/DTD/xhtml1-transitional.dtd">
<html xmlns="http://www.w3.org/1999/xhtml" xml:lang="en" lang="en">
 <head>
  <title>
</title>
<meta http-equiv="Content-Type" content="text/html;charset=utf-8" />
  <meta name='ocr-system' content='tesseract 3.04.00' />
  <meta name='ocr-capabilities' content='ocr_page ocr_carea ocr_par ocr_line ocrx_word'/>
</head>
<body>
  <div class='ocr_page' id='page_1' title='image "./eustathiiprooem00schngoog_0016.png"; bbox 0 0 2920 4862; ppageno 0'>
   <div class='ocr_carea' id='block_1_1' title="bbox 629 313 665 356">
    <p class='ocr_par' dir='ltr' id='par_1_1' title="bbox 629 313 665 356">
     <span class='ocr_line' id='line_1_1' title="bbox 629 313 665 356; baseline -0.056 0"><span class='ocrx_word' id='word_1_1' title='bbox 629 313 665 356; x_wconf 85' lang='grc' dir='ltr'><strong>ΙΧ</strong></span> 
     </span>
    </p>
   </div>
   <div class='ocr_carea' id='block_1_2' title="bbox 106 455 1170 669">
    <p class='ocr_par' dir='ltr' id='par_1_2' title="bbox 106 455 1170 669">
     <span class='ocr_line' id='line_1_2' title="bbox 107 455 1170 568; baseline 0.001 -22"><span class='ocrx_word' id='word_1_2' title='bbox 107 463 343 568; x_wconf 74' lang='grc' dir='ltr'><em>πεμφθεῖσιν</em></span> <span class='ocrx_word' id='word_1_3' title='bbox 369 463 418 544; x_wconf 80' lang='lat' dir='ltr'><strong>ris</strong></span> <span class='ocrx_word' id='word_1_4' title='bbox 443 459 541 546; x_wconf 74' lang='grc' dir='ltr'><strong>θεοῦ</strong></span> <span class='ocrx_word' id='word_1_5' title='bbox 565 457 793 562; x_wconf 74' lang='grc' dir='ltr'>πυθέσθαι,</span> <span class='ocrx_word' id='word_1_6' title='bbox 825 458 867 543; x_wconf 75' lang='grc' dir='ltr'><strong>τί</strong></span> <span class='ocrx_word' id='word_1_7' title='bbox 890 455 1040 568; x_wconf 67' lang='grc' dir='ltr'>ἄριστόν</span> <span class='ocrx_word' id='word_1_8' title='bbox 1068 469 1170 547; x_wconf 80' lang='grc' dir='ltr'>ἐστιν</span> 
     </span>
     <span class='ocr_line' id='line_1_3' title="bbox 106 560 1170 669; baseline 0 -20"><span class='ocrx_word' id='word_1_9' title='bbox 106 565 337 668; x_wconf 70' lang='grc' dir='ltr'>ἀνθρώποις,</span> <span class='ocrx_word' id='word_1_10' title='bbox 369 561 646 669; x_wconf 72' lang='grc' dir='ltr'>αἷπονιρίνεσθαι</span> <span class='ocrx_word' id='word_1_11' title='bbox 672 563 742 655; x_wconf 62' lang='grc' dir='ltr'><strong>τήν</strong></span> <span class='ocrx_word' id='word_1_12' title='bbox 766 563 986 669; x_wconf 76' lang='grc' dir='ltr'>πρόμαντιν,</span> <span class='ocrx_word' id='word_1_13' title='bbox 1015 561 1071 648; x_wconf 78' lang='grc' dir='ltr'>ὅτι</span> <span class='ocrx_word' id='word_1_14' title='bbox 1096 560 1170 649; x_wconf 80' lang='lat' dir='ltr'><strong>odd’</strong></span> 
     </span>
    </p>
   </div>
   <div class='ocr_carea' id='block_1_3' title="bbox 105 665 1268 1675">
    <p class='ocr_par' dir='ltr' id='par_1_3' title="bbox 106 665 1248 969">
     <span class='ocr_line' id='line_1_4' title="bbox 107 665 1170 772; baseline -0.002 -22"><span class='ocrx_word' id='word_1_15' title='bbox 107 667 219 750; x_wconf 73' lang='lat' dir='ltr'><strong>adada</strong></span> <span class='ocrx_word' id='word_1_16' title='bbox 245 667 389 764; x_wconf 78' lang='grc' dir='ltr'>α’γνοεῖ,</span> <span class='ocrx_word' id='word_1_17' title='bbox 418 668 455 746; x_wconf 74' lang='grc' dir='ltr'><strong>εἴ</strong></span> <span class='ocrx_word' id='word_1_18' title='bbox 476 695 524 762; x_wconf 73' lang='grc' dir='ltr'><strong>γε</strong></span> <span class='ocrx_word' id='word_1_19' title='bbox 550 666 604 748; x_wconf 68' lang='grc' dir='ltr'>ἰα’</span> <span class='ocrx_word' id='word_1_20' title='bbox 627 665 826 770; x_wconf 72' lang='grc' dir='ltr'><strong>γραφέντα</strong></span> <span class='ocrx_word' id='word_1_21' title='bbox 851 665 936 770; x_wconf 72' lang='grc' dir='ltr'><strong>περὶ</strong></span> <span class='ocrx_word' id='word_1_22' title='bbox 960 667 1170 772; x_wconf 75' lang='grc' dir='ltr'><em>Τροφωνίου</em></span> 
     </span>
     <span class='ocr_line' id='line_1_5' title="bbox 106 763 1248 868; baseline -0.011 -15"><span class='ocrx_word' id='word_1_23' title='bbox 106 770 182 856; x_wconf 61' lang='grc' dir='ltr'><strong>καὶ</strong></span> <span class='ocrx_word' id='word_1_24' title='bbox 200 763 437 868; x_wconf 70' lang='grc' dir='ltr'>Ἀγαμήδους</span> <span class='ocrx_word' id='word_1_25' title='bbox 466 767 604 850; x_wconf 77' lang='grc' dir='ltr'>ἐκείνου</span> <span class='ocrx_word' id='word_1_26' title='bbox 633 771 746 850; x_wconf 77' lang='grc' dir='ltr'>ἐστίν.</span> <span class='ocrx_word' id='word_1_27' title='bbox 800 770 971 842; x_wconf 84' lang='lat' dir='ltr'><strong>Nimirum</strong></span> <span class='ocrx_word' id='word_1_28' title='bbox 997 771 1170 868; x_wconf 80' lang='lat' dir='ltr'>duplicem</span> <span class='ocrx_word' id='word_1_29' title='bbox 1245 823 1248 831; x_wconf 77' lang='lat'><strong>.</strong></span> 
     </span>
     <span class='ocr_line' id='line_1_6' title="bbox 107 869 1169 969; baseline -0.003 -22"><span class='ocrx_word' id='word_1_30' title='bbox 107 871 294 964; x_wconf 67' lang='lat' dir='ltr'><strong>obtinuisse</strong></span> <span class='ocrx_word' id='word_1_31' title='bbox 312 871 403 968; x_wconf 91' lang='lat' dir='ltr'><strong>apud</strong></span> <span class='ocrx_word' id='word_1_32' title='bbox 422 882 553 944; x_wconf 89' lang='lat' dir='ltr'><strong>veteres</strong></span> <span class='ocrx_word' id='word_1_33' title='bbox 570 869 760 944; x_wconf 82' lang='lat' dir='ltr'><strong>famamde</strong></span> <span class='ocrx_word' id='word_1_34' title='bbox 776 880 885 944; x_wconf 90' lang='lat' dir='ltr'><strong>morte</strong></span> <span class='ocrx_word' id='word_1_35' title='bbox 905 880 1024 968; x_wconf 88' lang='lat' dir='ltr'><strong>poetae</strong></span> <span class='ocrx_word' id='word_1_36' title='bbox 1041 897 1169 969; x_wconf 73' lang='lat' dir='ltr'><strong>cogno·</strong></span> 
     </span>
    </p>

    <p class='ocr_par' dir='ltr' id='par_1_4' title="bbox 105 970 1268 1675">
     <span class='ocr_line' id='line_1_7' title="bbox 107 970 1170 1071; baseline 0 -25"><span class='ocrx_word' id='word_1_37' title='bbox 107 976 238 1046; x_wconf 90' lang='lat' dir='ltr'><strong>seimus</strong></span> <span class='ocrx_word' id='word_1_38' title='bbox 263 998 307 1045; x_wconf 83' lang='lat' dir='ltr'><strong>ex</strong></span> <span class='ocrx_word' id='word_1_39' title='bbox 327 970 532 1044; x_wconf 85' lang='lat' dir='ltr'><strong>Eustatbio:</strong></span> <span class='ocrx_word' id='word_1_40' title='bbox 561 971 702 1068; x_wconf 82' lang='lat' dir='ltr'><strong>alteram</strong></span> <span class='ocrx_word' id='word_1_41' title='bbox 724 971 829 1066; x_wconf 86' lang='lat' dir='ltr'><strong>hanc,</strong></span> <span class='ocrx_word' id='word_1_42' title='bbox 856 971 988 1071; x_wconf 75' lang='lat' dir='ltr'><strong>legatos</strong></span> <span class='ocrx_word' id='word_1_43' title='bbox 1009 971 1054 1046; x_wconf 90' lang='lat' dir='ltr'><strong>ad</strong></span> <span class='ocrx_word' id='word_1_44' title='bbox 1075 973 1170 1046; x_wconf 89' lang='lat' dir='ltr'><strong>lovis</strong></span> 
     </span>
     <span class='ocr_line' id='line_1_8' title="bbox 107 1071 1170 1170; baseline -0.002 -24"><span class='ocrx_word' id='word_1_45' title='bbox 107 1071 292 1146; x_wconf 78' lang='lat' dir='ltr'><strong>Ammonis</strong></span> <span class='ocrx_word' id='word_1_46' title='bbox 322 1074 448 1147; x_wconf 93' lang='lat' dir='ltr'><strong>missos</strong></span> <span class='ocrx_word' id='word_1_47' title='bbox 484 1117 531 1130; x_wconf 92' lang='lat'><em>-</em></span> <span class='ocrx_word' id='word_1_48' title='bbox 562 1075 619 1146; x_wconf 93' lang='lat' dir='ltr'><strong>cni</strong></span> <span class='ocrx_word' id='word_1_49' title='bbox 653 1073 855 1148; x_wconf 89' lang='lat' dir='ltr'><strong>coniunctus</strong></span> <span class='ocrx_word' id='word_1_50' title='bbox 886 1085 959 1144; x_wconf 89' lang='lat' dir='ltr'><strong>erat</strong></span> <span class='ocrx_word' id='word_1_51' title='bbox 992 1083 1092 1170; x_wconf 90' lang='lat' dir='ltr'><strong>poeta</strong></span> <span class='ocrx_word' id='word_1_52' title='bbox 1119 1114 1170 1131; x_wconf 91' lang='lat'>—</span> 
     </span>
     <span class='ocr_line' id='line_1_9' title="bbox 106 1172 1168 1272; baseline -0.002 -26"><span class='ocrx_word' id='word_1_53' title='bbox 106 1177 177 1247; x_wconf 92' lang='lat' dir='ltr'><strong>vati</strong></span> <span class='ocrx_word' id='word_1_54' title='bbox 201 1201 265 1248; x_wconf 88' lang='lat' dir='ltr'><strong>sno</strong></span> <span class='ocrx_word' id='word_1_55' title='bbox 288 1176 453 1272; x_wconf 87' lang='lat' dir='ltr'><strong>optimum</strong></span> <span class='ocrx_word' id='word_1_56' title='bbox 480 1173 573 1272; x_wconf 86' lang='lat' dir='ltr'><strong>quod</strong></span> <span class='ocrx_word' id='word_1_57' title='bbox 599 1185 689 1248; x_wconf 91' lang='lat' dir='ltr'><strong>esset</strong></span> <span class='ocrx_word' id='word_1_58' title='bbox 715 1177 752 1246; x_wconf 93' lang='lat' dir='ltr'><strong>in</strong></span> <span class='ocrx_word' id='word_1_59' title='bbox 778 1172 979 1246; x_wconf 77' lang='lat' dir='ltr'><strong>mortalibus</strong></span> <span class='ocrx_word' id='word_1_60' title='bbox 1004 1197 1168 1271; x_wconf 88' lang='lat' dir='ltr'><strong>appreca-</strong></span> 
     </span>
     <span class='ocr_line' id='line_1_10' title="bbox 107 1271 1169 1349; baseline -0.003 -3"><span class='ocrx_word' id='word_1_61' title='bbox 107 1285 162 1347; x_wconf 89' lang='lat' dir='ltr'><strong>tos</strong></span> <span class='ocrx_word' id='word_1_62' title='bbox 193 1301 288 1348; x_wconf 87' lang='lat' dir='ltr'><strong>esse:</strong></span> <span class='ocrx_word' id='word_1_63' title='bbox 330 1275 429 1348; x_wconf 90' lang='lat' dir='ltr'><strong>illum</strong></span> <span class='ocrx_word' id='word_1_64' title='bbox 462 1275 581 1348; x_wconf 91' lang='lat' dir='ltr'><strong>codem</strong></span> <span class='ocrx_word' id='word_1_65' title='bbox 616 1301 707 1349; x_wconf 93' lang='lat' dir='ltr'><strong>anno</strong></span> <span class='ocrx_word' id='word_1_66' title='bbox 740 1274 943 1348; x_wconf 82' lang='lat' dir='ltr'><strong>decessisse.</strong></span> <span class='ocrx_word' id='word_1_67' title='bbox 1010 1271 1169 1346; x_wconf 73' lang='lat' dir='ltr'><strong>Alteram</strong></span> 
     </span>
     <span class='ocr_line' id='line_1_11' title="bbox 106 1373 1168 1475; baseline -0.002 -27"><span class='ocrx_word' id='word_1_68' title='bbox 106 1377 261 1473; x_wconf 87' lang='lat' dir='ltr'><strong>sequitur</strong></span> <span class='ocrx_word' id='word_1_69' title='bbox 277 1376 500 1469; x_wconf 80' lang='lat' dir='ltr'><strong>Plutarchus,</strong></span> <span class='ocrx_word' id='word_1_70' title='bbox 528 1385 664 1475; x_wconf 88' lang='lat' dir='ltr'><strong>poetam</strong></span> <span class='ocrx_word' id='word_1_71' title='bbox 683 1379 795 1473; x_wconf 91' lang='lat' dir='ltr'><strong>ipsum</strong></span> <span class='ocrx_word' id='word_1_72' title='bbox 815 1401 878 1473; x_wconf 90' lang='lat' dir='ltr'><strong>per</strong></span> <span class='ocrx_word' id='word_1_73' title='bbox 896 1373 1030 1474; x_wconf 77' lang='lat' dir='ltr'><strong>legatos</strong></span> <span class='ocrx_word' id='word_1_74' title='bbox 1051 1375 1168 1446; x_wconf 88' lang='lat' dir='ltr'><strong>scisci·</strong></span> 
     </span>
     <span class='ocr_line' id='line_1_12' title="bbox 107 1476 1268 1576; baseline 0 -28"><span class='ocrx_word' id='word_1_75' title='bbox 107 1487 217 1548; x_wconf 89' lang='lat' dir='ltr'><strong>tatum</strong></span> <span class='ocrx_word' id='word_1_76' title='bbox 237 1479 350 1549; x_wconf 89' lang='lat' dir='ltr'><strong>Deum</strong></span> <span class='ocrx_word' id='word_1_77' title='bbox 368 1477 555 1576; x_wconf 74' lang='lat' dir='ltr'><strong>Pythium:</strong></span> <span class='ocrx_word' id='word_1_78' title='bbox 589 1477 799 1548; x_wconf 72' lang='lat' dir='ltr'><strong>sacerdotem</strong></span> <span class='ocrx_word' id='word_1_79' title='bbox 818 1487 931 1548; x_wconf 91' lang='lat' dir='ltr'><strong>antem</strong></span> <span class='ocrx_word' id='word_1_80' title='bbox 951 1476 1170 1548; x_wconf 72' lang='lat' dir='ltr'><strong>admonuisse</strong></span> <span class='ocrx_word' id='word_1_81' title='bbox 1259 1511 1268 1530; x_wconf 87' lang='lat'><strong>·</strong></span> 
     </span>
     <span class='ocr_line' id='line_1_13' title="bbox 105 1571 1171 1675; baseline -0.002 -25"><span class='ocrx_word' id='word_1_82' title='bbox 105 1602 224 1650; x_wconf 92' lang='lat' dir='ltr'><strong>eorum</strong></span> <span class='ocrx_word' id='word_1_83' title='bbox 246 1603 334 1674; x_wconf 87' lang='lat' dir='ltr'><strong>quae</strong></span> <span class='ocrx_word' id='word_1_84' title='bbox 358 1578 401 1650; x_wconf 95' lang='lat' dir='ltr'><strong>de</strong></span> <span class='ocrx_word' id='word_1_85' title='bbox 423 1576 627 1674; x_wconf 84' lang='lat' dir='ltr'><strong>Trophonio</strong></span> <span class='ocrx_word' id='word_1_86' title='bbox 651 1587 754 1674; x_wconf 91' lang='lat' dir='ltr'><strong>atque</strong></span> <span class='ocrx_word' id='word_1_87' title='bbox 772 1571 953 1675; x_wconf 76' lang='lat' dir='ltr'><strong>Agamede</strong></span> <span class='ocrx_word' id='word_1_88' title='bbox 977 1576 1171 1672; x_wconf 84' lang='lat' dir='ltr'><strong>scripsisset</strong></span> 
     </span>
    </p>
   </div>
   <div class='ocr_carea' id='block_1_4' title="bbox 104 1675 1277 1776">
    <p class='ocr_par' dir='ltr' id='par_1_5' title="bbox 104 1675 1277 1776">
     <span class='ocr_line' id='line_1_14' title="bbox 104 1675 1277 1776; baseline -0.002 -27"><span class='ocrx_word' id='word_1_89' title='bbox 104 1680 193 1776; x_wconf 91' lang='lat' dir='ltr'><strong>ipse.</strong></span> <span class='ocrx_word' id='word_1_90' title='bbox 259 1677 375 1768; x_wconf 79' lang='lat' dir='ltr'><strong>Quam</strong></span> <span class='ocrx_word' id='word_1_91' title='bbox 413 1678 552 1774; x_wconf 88' lang='lat' dir='ltr'><strong>quidem</strong></span> <span class='ocrx_word' id='word_1_92' title='bbox 591 1675 751 1750; x_wconf 78' lang='lat' dir='ltr'><strong>fabellam</strong></span> <span class='ocrx_word' id='word_1_93' title='bbox 788 1689 880 1774; x_wconf 89' lang='lat' dir='ltr'><strong>patet</strong></span> <span class='ocrx_word' id='word_1_94' title='bbox 917 1703 961 1750; x_wconf 86' lang='lat' dir='ltr'><strong>cx</strong></span> <span class='ocrx_word' id='word_1_95' title='bbox 996 1676 1057 1748; x_wconf 96' lang='lat' dir='ltr'><strong>illo</strong></span> <span class='ocrx_word' id='word_1_96' title='bbox 1092 1678 1170 1773; x_wconf 89' lang='lat' dir='ltr'><strong>ipso</strong></span> <span class='ocrx_word' id='word_1_97' title='bbox 1273 1756 1277 1770; x_wconf 37' lang='grc' dir='ltr'><em>Ι</em></span> 
     </span>
    </p>
   </div>
   <div class='ocr_carea' id='block_1_5' title="bbox 104 1775 1169 2078">
    <p class='ocr_par' dir='ltr' id='par_1_6' title="bbox 104 1775 1169 2078">
     <span class='ocr_line' id='line_1_15' title="bbox 105 1775 1165 1874; baseline -0.001 -25"><span class='ocrx_word' id='word_1_98' title='bbox 105 1775 256 1850; x_wconf 86' lang='lat' dir='ltr'><strong>carmine</strong></span> <span class='ocrx_word' id='word_1_99' title='bbox 280 1789 399 1874; x_wconf 89' lang='lat' dir='ltr'><strong>poetae</strong></span> <span class='ocrx_word' id='word_1_100' title='bbox 422 1778 604 1851; x_wconf 82' lang='lat' dir='ltr'><strong>confictam</strong></span> <span class='ocrx_word' id='word_1_101' title='bbox 630 1803 725 1871; x_wconf 78' lang='lat' dir='ltr'><strong>esse,</strong></span> <span class='ocrx_word' id='word_1_102' title='bbox 751 1787 790 1850; x_wconf 87' lang='lat' dir='ltr'><strong>nt</strong></span> <span class='ocrx_word' id='word_1_103' title='bbox 813 1803 915 1874; x_wconf 89' lang='lat' dir='ltr'><strong>saepe</strong></span> <span class='ocrx_word' id='word_1_104' title='bbox 939 1777 1067 1850; x_wconf 79' lang='lat' dir='ltr'><strong>sactum</strong></span> <span class='ocrx_word' id='word_1_105' title='bbox 1092 1789 1165 1849; x_wconf 84' lang='lat' dir='ltr'><strong>est:</strong></span> 
     </span>
     <span class='ocr_line' id='line_1_16' title="bbox 104 1876 1169 1977; baseline -0.002 -27"><span class='ocrx_word' id='word_1_106' title='bbox 104 1878 199 1950; x_wconf 83' lang='lat' dir='ltr'><strong>ibam</strong></span> <span class='ocrx_word' id='word_1_107' title='bbox 225 1881 373 1976; x_wconf 85' lang='lat' dir='ltr'><strong>priorem</strong></span> <span class='ocrx_word' id='word_1_108' title='bbox 396 1905 439 1952; x_wconf 87' lang='lat' dir='ltr'><strong>ex</strong></span> <span class='ocrx_word' id='word_1_109' title='bbox 459 1878 723 1953; x_wconf 77' lang='lat' dir='ltr'><strong>chamaeleonte</strong></span> <span class='ocrx_word' id='word_1_110' title='bbox 745 1891 941 1977; x_wconf 86' lang='lat' dir='ltr'><strong>susceptam</strong></span> <span class='ocrx_word' id='word_1_111' title='bbox 966 1876 1169 1952; x_wconf 88' lang='lat' dir='ltr'><strong>crediderim</strong></span> 
     </span>
     <span class='ocr_line' id='line_1_17' title="bbox 106 1982 507 2078; baseline -0.002 -26"><span class='ocrx_word' id='word_1_112' title='bbox 106 2003 262 2078; x_wconf 23' lang='lat' dir='ltr'><strong>eamque·</strong></span> <span class='ocrx_word' id='word_1_113' title='bbox 274 1982 507 2054; x_wconf 87' lang='lat' dir='ltr'><strong>sinceriorem.</strong></span> 
     </span>
    </p>
   </div>
   <div class='ocr_carea' id='block_1_6' title="bbox 104 2129 1244 2731">
    <p class='ocr_par' dir='ltr' id='par_1_7' title="bbox 104 2129 1244 2731">
     <span class='ocr_line' id='line_1_18' title="bbox 207 2129 1170 2232; baseline 0 -30"><span class='ocrx_word' id='word_1_114' title='bbox 207 2131 367 2230; x_wconf 87' lang='lat' dir='ltr'><strong>Denique</strong></span> <span class='ocrx_word' id='word_1_115' title='bbox 385 2133 445 2228; x_wconf 85' lang='lat' dir='ltr'><strong>qui</strong></span> <span class='ocrx_word' id='word_1_116' title='bbox 461 2133 646 2232; x_wconf 77' lang='lat' dir='ltr'><strong>attigerunt</strong></span> <span class='ocrx_word' id='word_1_117' title='bbox 664 2129 895 2204; x_wconf 88' lang='lat' dir='ltr'><strong>Plutarchum</strong></span> <span class='ocrx_word' id='word_1_118' title='bbox 911 2133 1039 2226; x_wconf 87' lang='lat' dir='ltr'><strong>sciunt,</strong></span> <span class='ocrx_word' id='word_1_119' title='bbox 1065 2155 1170 2228; x_wconf 87' lang='lat' dir='ltr'><strong>quam</strong></span> 
     </span>
     <span class='ocr_line' id='line_1_19' title="bbox 106 2231 1170 2306; baseline 0 -2"><span class='ocrx_word' id='word_1_120' title='bbox 106 2244 196 2304; x_wconf 91' lang='lat' dir='ltr'><strong>amet</strong></span> <span class='ocrx_word' id='word_1_121' title='bbox 226 2231 284 2304; x_wconf 91' lang='lat' dir='ltr'><strong>ille</strong></span> <span class='ocrx_word' id='word_1_122' title='bbox 317 2231 486 2305; x_wconf 90' lang='lat' dir='ltr'><strong>clarorum</strong></span> <span class='ocrx_word' id='word_1_123' title='bbox 517 2235 669 2306; x_wconf 87' lang='lat' dir='ltr'><strong>virorum</strong></span> <span class='ocrx_word' id='word_1_124' title='bbox 702 2231 794 2304; x_wconf 87' lang='lat' dir='ltr'><strong>dicta</strong></span> <span class='ocrx_word' id='word_1_125' title='bbox 827 2231 1012 2306; x_wconf 88' lang='lat' dir='ltr'><strong>celebrare.</strong></span> <span class='ocrx_word' id='word_1_126' title='bbox 1071 2231 1170 2304; x_wconf 87' lang='lat' dir='ltr'><strong>Hinc</strong></span> 
     </span>
     <span class='ocr_line' id='line_1_20' title="bbox 105 2330 1167 2434; baseline -0.001 -28"><span class='ocrx_word' id='word_1_127' title='bbox 105 2359 149 2406; x_wconf 87' lang='lat' dir='ltr'><strong>ex</strong></span> <span class='ocrx_word' id='word_1_128' title='bbox 169 2335 243 2405; x_wconf 89' lang='lat' dir='ltr'><strong>eius</strong></span> <span class='ocrx_word' id='word_1_129' title='bbox 263 2330 353 2403; x_wconf 93' lang='lat' dir='ltr'><strong>libro</strong></span> <span class='ocrx_word' id='word_1_130' title='bbox 373 2331 560 2407; x_wconf 83' lang='lat' dir='ltr'><strong>Pindarico</strong></span> <span class='ocrx_word' id='word_1_131' title='bbox 579 2359 735 2412; x_wconf 85' lang='lat' dir='ltr'><strong>manasse</strong></span> <span class='ocrx_word' id='word_1_132' title='bbox 755 2358 795 2405; x_wconf 87' lang='lat' dir='ltr'><strong>ca</strong></span> <span class='ocrx_word' id='word_1_133' title='bbox 817 2358 905 2430; x_wconf 89' lang='lat' dir='ltr'><strong>quae</strong></span> <span class='ocrx_word' id='word_1_134' title='bbox 930 2331 1022 2434; x_wconf 91' lang='lat' dir='ltr'><strong>apud</strong></span> <span class='ocrx_word' id='word_1_135' title='bbox 1041 2331 1167 2405; x_wconf 84' lang='lat' dir='ltr'><strong>Eusta-</strong></span> 
     </span>
     <span class='ocr_line' id='line_1_21' title="bbox 104 2431 1215 2532; baseline 0.001 -27"><span class='ocrx_word' id='word_1_136' title='bbox 104 2433 216 2506; x_wconf 90' lang='lat' dir='ltr'><strong>thinm</strong></span> <span class='ocrx_word' id='word_1_137' title='bbox 246 2442 430 2530; x_wconf 86' lang='lat' dir='ltr'><strong>supersunt</strong></span> <span class='ocrx_word' id='word_1_138' title='bbox 458 2435 624 2506; x_wconf 90' lang='lat' dir='ltr'><strong>eiusmodi</strong></span> <span class='ocrx_word' id='word_1_139' title='bbox 653 2431 940 2532; x_wconf 79' lang='lat' dir='ltr'><strong>apophthegmata</strong></span> <span class='ocrx_word' id='word_1_140' title='bbox 967 2460 1038 2507; x_wconf 92' lang='lat' dir='ltr'><strong>non</strong></span> <span class='ocrx_word' id='word_1_141' title='bbox 1067 2432 1168 2506; x_wconf 91' lang='lat' dir='ltr'><strong>abso·</strong></span> <span class='ocrx_word' id='word_1_142' title='bbox 1212 2436 1215 2444; x_wconf 73' lang='grc'><em>’</em></span> 
     </span>
     <span class='ocr_line' id='line_1_22' title="bbox 105 2533 1168 2630; baseline 0 -24"><span class='ocrx_word' id='word_1_143' title='bbox 105 2559 190 2606; x_wconf 91' lang='lat' dir='ltr'><strong>num</strong></span> <span class='ocrx_word' id='word_1_144' title='bbox 215 2535 280 2606; x_wconf 88' lang='lat' dir='ltr'><strong>erit</strong></span> <span class='ocrx_word' id='word_1_145' title='bbox 306 2534 480 2604; x_wconf 86' lang='lat' dir='ltr'><strong>statuisse.</strong></span> <span class='ocrx_word' id='word_1_146' title='bbox 539 2533 750 2630; x_wconf 89' lang='lat' dir='ltr'><strong>Habentqne</strong></span> <span class='ocrx_word' id='word_1_147' title='bbox 776 2537 888 2605; x_wconf 89' lang='lat' dir='ltr'><strong>omnia</strong></span> <span class='ocrx_word' id='word_1_148' title='bbox 914 2561 992 2607; x_wconf 92' lang='lat' dir='ltr'><strong>enm</strong></span> <span class='ocrx_word' id='word_1_149' title='bbox 1018 2534 1168 2607; x_wconf 87' lang='lat' dir='ltr'><strong>colorem</strong></span> 
     </span>
     <span class='ocr_line' id='line_1_23' title="bbox 107 2631 1244 2731; baseline 0.004 -27"><span class='ocrx_word' id='word_1_150' title='bbox 107 2649 211 2730; x_wconf 84' lang='lat' dir='ltr'><strong>quem</strong></span> <span class='ocrx_word' id='word_1_151' title='bbox 235 2661 271 2705; x_wconf 87' lang='lat' dir='ltr'><strong>v.</strong></span> <span class='ocrx_word' id='word_1_152' title='bbox 290 2633 455 2705; x_wconf 83' lang='lat' dir='ltr'><strong>c..refert</strong></span> <span class='ocrx_word' id='word_1_153' title='bbox 479 2632 566 2704; x_wconf 92' lang='lat' dir='ltr'><strong>illud</strong></span> <span class='ocrx_word' id='word_1_154' title='bbox 592 2633 686 2730; x_wconf 90' lang='lat' dir='ltr'><strong>quod</strong></span> <span class='ocrx_word' id='word_1_155' title='bbox 711 2631 754 2704; x_wconf 91' lang='lat' dir='ltr'><strong>ab</strong></span> <span class='ocrx_word' id='word_1_156' title='bbox 778 2659 849 2706; x_wconf 92' lang='lat' dir='ltr'><strong>uno</strong></span> <span class='ocrx_word' id='word_1_157' title='bbox 873 2633 1065 2708; x_wconf 89' lang='lat' dir='ltr'><strong>Plutarcho</strong></span> <span class='ocrx_word' id='word_1_158' title='bbox 1089 2660 1170 2731; x_wconf 90' lang='lat' dir='ltr'><strong>pro·</strong></span> <span class='ocrx_word' id='word_1_159' title='bbox 1235 2689 1244 2699; x_wconf 80' lang='grc'><em>.</em></span> 
     </span>
    </p>
   </div>
   <div class='ocr_carea' id='block_1_7' title="bbox 27 2725 1314 2830">
    <p class='ocr_par' dir='ltr' id='par_1_8' title="bbox 27 2725 1314 2830">
     <span class='ocr_line' id='line_1_24' title="bbox 27 2725 1314 2830; baseline 0.014 -32"><span class='ocrx_word' id='word_1_160' title='bbox 27 2786 30 2798; x_wconf 92' lang='grc'>.</span> <span class='ocrx_word' id='word_1_161' title='bbox 106 2735 216 2807; x_wconf 90' lang='lat' dir='ltr'><strong>ditum</strong></span> <span class='ocrx_word' id='word_1_162' title='bbox 253 2725 428 2808; x_wconf 80' lang='lat' dir='ltr'><strong>habemus</strong></span> <span class='ocrx_word' id='word_1_163' title='bbox 456 2733 499 2806; x_wconf 91' lang='lat' dir='ltr'><strong>de</strong></span> <span class='ocrx_word' id='word_1_164' title='bbox 532 2733 658 2808; x_wconf 85' lang='lat' dir='ltr'><strong>Vitios.</strong></span> <span class='ocrx_word' id='word_1_165' title='bbox 694 2731 789 2807; x_wconf 90' lang='lat' dir='ltr'><strong>Pud.</strong></span> <span class='ocrx_word' id='word_1_166' title='bbox 819 2735 967 2811; x_wconf 83' lang='lat' dir='ltr'><strong>xvfll.</strong></span> <span class='ocrx_word' id='word_1_167' title='bbox 1015 2733 1070 2816; x_wconf 69' lang='lat' dir='ltr'><strong>To*</strong></span> <span class='ocrx_word' id='word_1_168' title='bbox 1103 2740 1172 2816; x_wconf 77' lang='grc' dir='ltr'><strong>τοῦ</strong></span> <span class='ocrx_word' id='word_1_169' title='bbox 1215 2805 1220 2812; x_wconf 97' lang='grc'><em>.</em></span> <span class='ocrx_word' id='word_1_170' title='bbox 1309 2817 1314 2830; x_wconf 67' lang='grc'><strong>,</strong></span> 
     </span>
    </p>
   </div>
   <div class='ocr_carea' id='block_1_8' title="bbox 105 2827 1172 3172">
    <p class='ocr_par' dir='ltr' id='par_1_9' title="bbox 105 2827 1172 3172">
     <span class='ocr_line' id='line_1_25' title="bbox 106 2827 1172 2940; baseline 0.001 -23"><span class='ocrx_word' id='word_1_171' title='bbox 106 2827 287 2940; x_wconf 59' lang='grc' dir='ltr'>Πινδάρου</span> <span class='ocrx_word' id='word_1_172' title='bbox 317 2832 406 2940; x_wconf 70' lang='lat' dir='ltr'><strong>arpis</strong></span> <span class='ocrx_word' id='word_1_173' title='bbox 437 2833 502 2916; x_wconf 82' lang='lat' dir='ltr'><strong>rdv</strong></span> <span class='ocrx_word' id='word_1_174' title='bbox 534 2833 722 2934; x_wconf 73' lang='grc' dir='ltr'>λέγοντα,</span> <span class='ocrx_word' id='word_1_175' title='bbox 759 2841 963 2934; x_wconf 76' lang='grc' dir='ltr'><strong>πανταχοῦ</strong></span> <span class='ocrx_word' id='word_1_176' title='bbox 989 2834 1055 2918; x_wconf 76' lang='grc' dir='ltr'><strong>καὶ</strong></span> <span class='ocrx_word' id='word_1_177' title='bbox 1082 2834 1172 2940; x_wconf 78' lang='grc' dir='ltr'><strong>πρδς</strong></span> 
     </span>
     <span class='ocr_line' id='line_1_26' title="bbox 105 2932 1171 3044; baseline 0.002 -26"><span class='ocrx_word' id='word_1_178' title='bbox 105 2933 258 3020; x_wconf 73' lang='grc' dir='ltr'>πάντας</span> <span class='ocrx_word' id='word_1_179' title='bbox 284 2939 448 3020; x_wconf 75' lang='grc' dir='ltr'>ἐπαινεῖν</span> <span class='ocrx_word' id='word_1_180' title='bbox 468 2932 597 3027; x_wconf 76' lang='grc' dir='ltr'>αὐτόν,</span> <span class='ocrx_word' id='word_1_181' title='bbox 625 2933 806 3020; x_wconf 77' lang='grc' dir='ltr'>εἰπόντος’</span> <span class='ocrx_word' id='word_1_182' title='bbox 837 2935 963 3037; x_wconf 68' lang='grc' dir='ltr'><strong>Κάγώ</strong></span> <span class='ocrx_word' id='word_1_183' title='bbox 982 2971 1036 3020; x_wconf 86' lang='grc' dir='ltr'>σοι</span> <span class='ocrx_word' id='word_1_184' title='bbox 1057 2937 1171 3044; x_wconf 73' lang='grc' dir='ltr'>χάριν</span> 
     </span>
     <span class='ocr_line' id='line_1_27' title="bbox 107 3031 866 3172; baseline 0.003 -52"><span class='ocrx_word' id='word_1_185' title='bbox 107 3031 328 3137; x_wconf 65' lang='lat' dir='ltr'><strong>ductilem·</strong></span> <span class='ocrx_word' id='word_1_186' title='bbox 360 3045 451 3154; x_wconf 77' lang='grc' dir='ltr'>ποιῶ</span> <span class='ocrx_word' id='word_1_187' title='bbox 473 3035 550 3142; x_wconf 69' lang='grc' dir='ltr'><strong>γάρ</strong></span> <span class='ocrx_word' id='word_1_188' title='bbox 577 3071 619 3120; x_wconf 83' lang='grc' dir='ltr'><strong>σε</strong></span> <span class='ocrx_word' id='word_1_189' title='bbox 643 3035 866 3172; x_wconf 31' lang='grc' dir='ltr'>αἱλχιιθεύειν.</span> 
     </span>
    </p>
   </div>
   <div class='ocr_carea' id='block_1_9' title="bbox 106 3191 1171 4000">
    <p class='ocr_par' dir='ltr' id='par_1_10' title="bbox 106 3191 1171 4000">
     <span class='ocr_line' id='line_1_28' title="bbox 208 3191 1167 3291; baseline 0.006 -29"><span class='ocrx_word' id='word_1_190' title='bbox 208 3191 385 3264; x_wconf 85' lang='lat' dir='ltr'><strong>Eustathii</strong></span> <span class='ocrx_word' id='word_1_191' title='bbox 409 3195 595 3266; x_wconf 89' lang='lat' dir='ltr'><strong>orationem</strong></span> <span class='ocrx_word' id='word_1_192' title='bbox 619 3192 776 3291; x_wconf 90' lang='lat' dir='ltr'><strong>pluribus</strong></span> <span class='ocrx_word' id='word_1_193' title='bbox 795 3193 882 3268; x_wconf 89' lang='lat' dir='ltr'><strong>locis</strong></span> <span class='ocrx_word' id='word_1_194' title='bbox 901 3193 1167 3288; x_wconf 83' lang='lat' dir='ltr'><strong>emendavimus,</strong></span> 
     </span>
     <span class='ocr_line' id='line_1_29' title="bbox 107 3291 1171 3390; baseline 0.004 -26"><span class='ocrx_word' id='word_1_195' title='bbox 107 3291 279 3366; x_wconf 91' lang='lat' dir='ltr'><strong>interdum</strong></span> <span class='ocrx_word' id='word_1_196' title='bbox 306 3295 429 3388; x_wconf 81' lang='lat' dir='ltr'><strong>tacite3</strong></span> <span class='ocrx_word' id='word_1_197' title='bbox 468 3321 539 3367; x_wconf 92' lang='lat' dir='ltr'><strong>non</strong></span> <span class='ocrx_word' id='word_1_198' title='bbox 568 3320 678 3390; x_wconf 87' lang='lat' dir='ltr'><strong>pauca</strong></span> <span class='ocrx_word' id='word_1_199' title='bbox 706 3305 926 3367; x_wconf 86' lang='lat' dir='ltr'><strong>correxerant</strong></span> <span class='ocrx_word' id='word_1_200' title='bbox 954 3305 989 3368; x_wconf 92' lang='lat' dir='ltr'><strong>et</strong></span> <span class='ocrx_word' id='word_1_201' title='bbox 1014 3293 1171 3368; x_wconf 85' lang='lat' dir='ltr'><strong>Taselius</strong></span> 
     </span>
     <span class='ocr_line' id='line_1_30' title="bbox 106 3391 1171 3492; baseline 0.004 -28"><span class='ocrx_word' id='word_1_202' title='bbox 106 3396 182 3490; x_wconf 92' lang='lat' dir='ltr'><strong>ipse</strong></span> <span class='ocrx_word' id='word_1_203' title='bbox 212 3404 248 3468; x_wconf 91' lang='lat' dir='ltr'><strong>et</strong></span> <span class='ocrx_word' id='word_1_204' title='bbox 278 3391 325 3466; x_wconf 88' lang='lat' dir='ltr'><strong>G.</strong></span> <span class='ocrx_word' id='word_1_205' title='bbox 352 3395 575 3467; x_wconf 86' lang='lat' dir='ltr'><strong>Hermannus</strong></span> <span class='ocrx_word' id='word_1_206' title='bbox 606 3393 699 3492; x_wconf 88' lang='lat' dir='ltr'><strong>apud</strong></span> <span class='ocrx_word' id='word_1_207' title='bbox 728 3393 901 3467; x_wconf 84' lang='lat' dir='ltr'><strong>Tafelium</strong></span> <span class='ocrx_word' id='word_1_208' title='bbox 933 3396 971 3466; x_wconf 94' lang='lat' dir='ltr'><strong>in</strong></span> <span class='ocrx_word' id='word_1_209' title='bbox 1001 3396 1171 3470; x_wconf 87' lang='lat' dir='ltr'><strong>Mantissa</strong></span> 
     </span>
     <span class='ocr_line' id='line_1_31' title="bbox 108 3493 1169 3593; baseline 0.003 -26"><span class='ocrx_word' id='word_1_210' title='bbox 108 3493 398 3568; x_wconf 82' lang='lat' dir='ltr'><strong>Observationum</strong></span> <span class='ocrx_word' id='word_1_211' title='bbox 424 3494 631 3568; x_wconf 87' lang='lat' dir='ltr'><strong>Criticarum</strong></span> <span class='ocrx_word' id='word_1_212' title='bbox 660 3521 751 3592; x_wconf 66' lang='lat' dir='ltr'><strong>paxu</strong></span> <span class='ocrx_word' id='word_1_213' title='bbox 771 3521 826 3593; x_wconf 87' lang='lat' dir='ltr'><strong>sq.</strong></span> <span class='ocrx_word' id='word_1_214' title='bbox 881 3495 976 3568; x_wconf 83' lang='lat' dir='ltr'><strong>Tum</strong></span> <span class='ocrx_word' id='word_1_215' title='bbox 1000 3524 1054 3570; x_wconf 90' lang='lat' dir='ltr'><strong>res</strong></span> <span class='ocrx_word' id='word_1_216' title='bbox 1080 3497 1169 3570; x_wconf 91' lang='lat' dir='ltr'><strong>diffi-</strong></span> 
     </span>
     <span class='ocr_line' id='line_1_32' title="bbox 109 3595 1167 3698; baseline 0.004 -32"><span class='ocrx_word' id='word_1_217' title='bbox 109 3595 245 3670; x_wconf 91' lang='lat' dir='ltr'><strong>ciliores</strong></span> <span class='ocrx_word' id='word_1_218' title='bbox 274 3598 395 3694; x_wconf 89' lang='lat' dir='ltr'><strong>paucis</strong></span> <span class='ocrx_word' id='word_1_219' title='bbox 427 3596 676 3670; x_wconf 85' lang='lat' dir='ltr'><strong>illustravimus</strong></span> <span class='ocrx_word' id='word_1_220' title='bbox 703 3596 740 3668; x_wconf 93' lang='lat' dir='ltr'><strong>id</strong></span> <span class='ocrx_word' id='word_1_221' title='bbox 772 3598 984 3696; x_wconf 91' lang='lat' dir='ltr'><strong>potissimum</strong></span> <span class='ocrx_word' id='word_1_222' title='bbox 1015 3609 1167 3698; x_wconf 76' lang='lat' dir='ltr'><strong>agentes,</strong></span> 
     </span>
     <span class='ocr_line' id='line_1_33' title="bbox 108 3695 1169 3798; baseline 0.004 -32"><span class='ocrx_word' id='word_1_223' title='bbox 108 3706 148 3766; x_wconf 91' lang='lat' dir='ltr'><strong>ut</strong></span> <span class='ocrx_word' id='word_1_224' title='bbox 166 3695 257 3793; x_wconf 77' lang='lat' dir='ltr'><strong>quid</strong></span> <span class='ocrx_word' id='word_1_225' title='bbox 280 3695 483 3771; x_wconf 87' lang='lat' dir='ltr'><strong>Eustathius</strong></span> <span class='ocrx_word' id='word_1_226' title='bbox 508 3697 565 3770; x_wconf 92' lang='lat' dir='ltr'><strong>vel</strong></span> <span class='ocrx_word' id='word_1_227' title='bbox 592 3700 786 3772; x_wconf 89' lang='lat' dir='ltr'><strong>concineret</strong></span> <span class='ocrx_word' id='word_1_228' title='bbox 811 3698 868 3771; x_wconf 94' lang='lat' dir='ltr'><strong>vel</strong></span> <span class='ocrx_word' id='word_1_229' title='bbox 892 3699 1101 3798; x_wconf 87' lang='lat' dir='ltr'><strong>discreparet</strong></span> <span class='ocrx_word' id='word_1_230' title='bbox 1125 3698 1169 3770; x_wconf 91' lang='lat' dir='ltr'><strong>ab</strong></span> 
     </span>
     <span class='ocr_line' id='line_1_34' title="bbox 107 3794 1170 3898; baseline 0.007 -32"><span class='ocrx_word' id='word_1_231' title='bbox 107 3794 250 3893; x_wconf 92' lang='lat' dir='ltr'><strong>reliquis</strong></span> <span class='ocrx_word' id='word_1_232' title='bbox 275 3800 364 3872; x_wconf 88' lang='lat' dir='ltr'><strong>vitae</strong></span> <span class='ocrx_word' id='word_1_233' title='bbox 389 3799 612 3898; x_wconf 90' lang='lat' dir='ltr'><strong>scriptoribus</strong></span> <span class='ocrx_word' id='word_1_234' title='bbox 636 3799 828 3898; x_wconf 84' lang='lat' dir='ltr'><strong>patefieret:</strong></span> <span class='ocrx_word' id='word_1_235' title='bbox 860 3799 1065 3898; x_wconf 87' lang='lat' dir='ltr'><strong>habebitque</strong></span> <span class='ocrx_word' id='word_1_236' title='bbox 1084 3796 1170 3872; x_wconf 89' lang='lat' dir='ltr'><strong>haec</strong></span> 
     </span>
     <span class='ocr_line' id='line_1_35' title="bbox 109 3899 1171 4000; baseline 0.006 -32"><span class='ocrx_word' id='word_1_237' title='bbox 109 3900 318 3992; x_wconf 88' lang='lat' dir='ltr'><strong>comparatio</strong></span> <span class='ocrx_word' id='word_1_238' title='bbox 347 3900 403 3973; x_wconf 93' lang='lat' dir='ltr'><strong>vel</strong></span> <span class='ocrx_word' id='word_1_239' title='bbox 432 3900 523 3975; x_wconf 88' lang='lat' dir='ltr'><strong>hanc</strong></span> <span class='ocrx_word' id='word_1_240' title='bbox 552 3900 753 3996; x_wconf 88' lang='lat' dir='ltr'><strong>utilitatem,</strong></span> <span class='ocrx_word' id='word_1_241' title='bbox 788 3913 828 3974; x_wconf 93' lang='lat' dir='ltr'><strong>nt</strong></span> <span class='ocrx_word' id='word_1_242' title='bbox 856 3901 1028 4000; x_wconf 91' lang='lat' dir='ltr'><strong>quomodo</strong></span> <span class='ocrx_word' id='word_1_243' title='bbox 1053 3899 1171 3974; x_wconf 79' lang='lat' dir='ltr'><strong>eadem</strong></span> 
     </span>
    </p>
   </div>
   <div class='ocr_carea' id='block_1_10' title="bbox 109 3995 1171 4173">
    <p class='ocr_par' dir='ltr' id='par_1_11' title="bbox 109 3995 1171 4173">
     <span class='ocr_line' id='line_1_36' title="bbox 109 3995 1171 4173; baseline 0.007 -105"><span class='ocrx_word' id='word_1_244' title='bbox 109 3995 311 4173; x_wconf 57' lang='lat' dir='ltr'><strong>plisdipersis</strong></span> <span class='ocrx_word' id='word_1_245' title='bbox 345 3999 586 4077; x_wconf 87' lang='lat' dir='ltr'><strong>Grammaticis</strong></span> <span class='ocrx_word' id='word_1_246' title='bbox 623 4014 797 4078; x_wconf 70' lang='lat' dir='ltr'><strong>conuecta</strong></span> <span class='ocrx_word' id='word_1_247' title='bbox 833 4005 902 4077; x_wconf 87' lang='lat' dir='ltr'><strong>sint</strong></span> <span class='ocrx_word' id='word_1_248' title='bbox 936 4013 972 4076; x_wconf 93' lang='lat' dir='ltr'><strong>et</strong></span> <span class='ocrx_word' id='word_1_249' title='bbox 1007 4000 1171 4075; x_wconf 89' lang='lat' dir='ltr'><strong>adornata</strong></span> 
     </span>
     <span class='ocr_line' id='line_1_37' title="bbox 164 4123 273 4172; baseline 0.009 -1"><span class='ocrx_word' id='word_1_250' title='bbox 164 4123 203 4172; x_wconf 90' lang='lat' dir='ltr'><strong>ca</strong></span> <span class='ocrx_word' id='word_1_251' title='bbox 219 4125 273 4172; x_wconf 88' lang='lat' dir='ltr'><strong>ur.</strong></span> 
     </span>
    </p>
   </div>
   <div class='ocr_carea' id='block_1_11' title="bbox 108 4248 1172 4464">
    <p class='ocr_par' dir='ltr' id='par_1_12' title="bbox 108 4248 1172 4464">
     <span class='ocr_line' id='line_1_38' title="bbox 208 4248 1172 4355; baseline 0.005 -28"><span class='ocrx_word' id='word_1_252' title='bbox 208 4248 420 4329; x_wconf 77' lang='lat' dir='ltr'><strong>Addidimus</strong></span> <span class='ocrx_word' id='word_1_253' title='bbox 443 4266 616 4354; x_wconf 89' lang='lat' dir='ltr'><strong>praeterea</strong></span> <span class='ocrx_word' id='word_1_254' title='bbox 637 4281 726 4355; x_wconf 89' lang='lat' dir='ltr'><strong>qnae</strong></span> <span class='ocrx_word' id='word_1_255' title='bbox 745 4257 888 4330; x_wconf 86' lang='lat' dir='ltr'><strong>collecta</strong></span> <span class='ocrx_word' id='word_1_256' title='bbox 910 4283 932 4330; x_wconf 89' lang='lat' dir='ltr'><strong>a</strong></span> <span class='ocrx_word' id='word_1_257' title='bbox 954 4255 1053 4334; x_wconf 89' lang='lat' dir='ltr'><strong>nobis</strong></span> <span class='ocrx_word' id='word_1_258' title='bbox 1075 4269 1172 4332; x_wconf 90' lang='lat' dir='ltr'><strong>erant</strong></span> 
     </span>
     <span class='ocr_line' id='line_1_39' title="bbox 108 4355 1171 4464; baseline 0.006 -35"><span class='ocrx_word' id='word_1_259' title='bbox 108 4379 219 4456; x_wconf 90' lang='lat' dir='ltr'><strong>pauca</strong></span> <span class='ocrx_word' id='word_1_260' title='bbox 239 4355 406 4458; x_wconf 89' lang='lat' dir='ltr'><strong>quaedam</strong></span> <span class='ocrx_word' id='word_1_261' title='bbox 425 4357 611 4432; x_wconf 84' lang='lat' dir='ltr'><strong>Pindarico</strong></span> <span class='ocrx_word' id='word_1_262' title='bbox 631 4357 820 4464; x_wconf 72' lang='lat' dir='ltr'><strong>fragmenta</strong></span> <span class='ocrx_word' id='word_1_263' title='bbox 840 4385 861 4433; x_wconf 87' lang='lat' dir='ltr'><strong>a</strong></span> <span class='ocrx_word' id='word_1_264' title='bbox 879 4360 1054 4436; x_wconf 87' lang='lat' dir='ltr'><strong>Bocchhio</strong></span> <span class='ocrx_word' id='word_1_265' title='bbox 1074 4385 1171 4463; x_wconf 89' lang='lat' dir='ltr'><strong>prae·</strong></span> 
     </span>
    </p>
   </div>
   <div class='ocr_carea' id='block_1_12' title="bbox 0 0 1467 4862">
    <p class='ocr_par' dir='ltr' id='par_1_13' title="bbox 0 0 1467 4862">
     <span class='ocr_line' id='line_1_40' title="bbox 0 0 1467 4862; baseline 0 0"><span class='ocrx_word' id='word_1_266' title='bbox 0 0 1467 4862; x_wconf 95' lang='lat' dir='ltr'><strong> </strong></span> 
     </span>
    </p>
   </div>
  </div>
 </body>
</html>
