2920 4862
623 273 665 340 57

109 445 352 506 nosterauetor
370 457 460 504 suam
480 437 655 508 doetrinam
676 461 716 508 ox
737 439 814 508 alius
835 438 995 527 seripturis
1015 438 1112 529 ooplis
1134 461 1170 506 se

109 521 257 588 hausisse
280 523 440 624 professus
464 535 548 627 erat:
568 524 661 608 latet,
681 526 740 594 nisi
761 526 865 606 fallor,
889 547 1003 636 nomen
1021 525 1117 614 ipsius
1137 527 1169 626 ἱο
1199 589 1227 608 s

109 607 1170 785 lllllllttlllitlttltltlltttlltlllttllatta

108 787 173 844 rat.
217 776 255 842 In
278 777 454 846 Arelailoelri
481 779 675 850 nobilissimis
696 783 834 850 versibus
862 779 903 870 ἄῤ
924 780 1107 882 legebatur:
1136 778 1171 862 id

107 862 176 926 iam
197 860 247 928 alii
267 873 491 942 correxerunt3
521 857 586 949 ἆρα
609 865 639 932 lr.
659 866 678 932 Ι.
697 881 844 954 tanquam
866 890 1059 952 ιιαινοαερον
1078 885 1171 928 usur-

53 1025 58 1046 .
155 958 221 1012 tum
241 948 605 1035 attestatur-Apollonius
626 951 669 1016 de
690 953 824 1018 Adverb.
842 949 1170 1053 ρ.δ90,·14.ΒοΙιΙιοι.

147 1053 198 1096 um
225 1030 327 1098 oodex
349 1035 404 1102 καλ
428 1027 539 1108 dorda:
572 1037 664 1104 tertio
689 1060 780 1104 versu
811 1057 922 1102 eximia
942 1035 1021 1102 sistit
1041 1040 1171 1114 ἔμιξαν,
1260 1066 1264 1088 ι

107 1115 200 1266 ffirod
221 1127 269 1184 est
289 1118 381 1184 etiarn
402 1116 435 1182 in
457 1118 589 1188 Sabellis
611 1121 727 1208 Odyss.
751 1123 784 1203 Ξ,
803 1121 876 1188 508.
898 1131 931 1186 et
950 1117 1035 1206 apud
1054 1119 1170 1184 Eusta-

148 1201 210 1266 ium
231 1199 284 1287 qui
319 1201 436 1268 diserte
462 1201 568 1274 addit:
591 1213 763 1294 ἔμιξαν,
794 1201 921 1294 ἢιιαθ’
950 1206 1066 1290 ἑυὲραν
1089 1228 1172 1290 γρα-

108 1281 180 1371 φῆν
200 1291 333 1354 ἔθεντο.
372 1286 468 1362 Quod
490 1300 524 1356 ut
539 1293 579 1355 ab
599 1292 771 1381 interprete
811 1291 968 1356 roleotum
988 1288 1107 1356 dudum
1119 1309 1170 1352 ra-

106 1371 227 1436 ieetum
256 1392 328 1437 esse
348 1371 503 1442 debebat:
535 1376 678 1442 nimirum
706 1400 754 1441 ex*
806 1375 959 1441 allirnaehi
990 1373 1169 1460 fragmento

107 1452 198 1542 quod
219 1457 378 1542 sequitur,
407 1458 460 1524 ubi
488 1471 537 1526 est
565 1476 671 1537 νεῖκος
691 1465 836 1541 θέσθαι,
872 1459 955 1526 idem
977 1457 1050 1526 illue
1068 1469 1170 1524 trans·

107 1538 267 1626 migrauit.
296 1586 300 1597 ·

192 1621 278 1690 Alter
297 1623 385 1692 loeus
407 1645 446 1692 ax
466 1627 628 1694 Ammonio
655 1627 736 1695 inter
755 1627 937 1696 Callimachi
960 1625 1033 1694 Frr.
1054 1624 1169 1696 suarm

108 1717 161 1774 est
184 1729 229 1772 nr.
249 1709 385 1788 tuln,
408 1709 462 1776 ubi
486 1724 574 1778 reote
594 1714 641 1779 sie
660 1715 794 1802 scriptus
816 1726 882 1780 est:

191 1789 340 1864 ’Άιιουο
360 1791 407 1880 δυ’
426 1790 500 1865 udor
522 1799 662 1868 αἶνον·
684 1808 729 1868 ε”ν
750 1825 843 1867 aava
864 1795 1022 1884 Τμώλῳ

197 1877 370 1966 Δάφνην
399 1881 521 1970 stata]
540 1898 681 1959 νεῖκος
708 1891 748 1952 οἱ
770 1877 903 1952 πάλαι
923 1879 1058 1950 Λυδοὶ

195 1963 375 2051 Λέγουσι
404 1967 575 2034 θέσθαι.
728 2041 730 2046 ,

110 2048 187 2114 lure
208 2061 313 2115 autam
333 2049 493 2118 Bentleius
515 2051 627 2118 eodem
649 2050 769 2120 rettulit
788 2071 911 2118 versum
940 2071 979 2116 ex
1003 2050 1170 2118 Gramma-

109 2133 177 2200 tioo
191 2135 362 2199 Oxoniensi
380 2135 432 2221 qui
451 2148 499 2203 est
515 2140 588 2223 περὶ
608 2136 740 2223 τρόπων
759 2137 951 2222 ποιητικῶν,
969 2147 1168 2221 excerptum:

109 2215 214 2301 Παροὶ
237 2218 273 2286 dl
292 2217 494 2309 Καλλιμάχῳ
516 2225 731 2309 unsaramma
756 2216 779 2306 ἦ
800 2223 894 2290 ἐλαία
922 2237 1039 2306 φησιν·
1074 2213 1170 2320 'Eyol

111 2302 250 2390 φαύλη
271 2297 439 2370 πάντων
467 2309 544 2375 τῶν
571 2307 758 2392 δένδρων
791 2306 893 2392 εἰμι’.
938 2303 1031 2376 Quae
1052 2309 1170 2370 r'eotrus

110 2407 206 2476 quam
228 2386 389 2452 Bentleius
412 2387 458 2454 sie
488 2390 621 2456 restituit
644 2389 789 2476 'l'oupius
821 2387 851 2453 in
874 2386 963 2454 Suid.
986 2387 1030 2469 ll,
1054 2411 1083 2476 p.
1096 2391 1169 2455 458.
1235 2409 1243 2428 ·

196 2465 294 2555 ’Eyol
321 2472 363 2538 δὲ
394 2469 561 2540 πάντων
594 2476 684 2559 εἰμὶ
718 2466 958 2560 uadimonia
979 2473 1169 2556 δένδριον.

111 2556 265 2624 Fortasse
296 2553 404 2620 sabula
427 2556 637 2622 Callimaohaa
658 2579 722 2624 non
753 2556 883 2624 multum
906 2557 1028 2624 diversa
1049 2559 1108 2624 luit
1128 2561 1168 2624 ab

112 2663 170 2721 ea,
204 2661 287 2727 quae
308 2641 388 2706 inter
408 2639 640 2729 Aphthonianas
671 2655 794 2710 servata
829 2641 914 2728 apud
941 2641 1072 2708 Furiam
1101 2639 1167 2728 οιρδ

112 2738 162 2793 est
187 2726 286 2794 haee:
317 2720 435 2796 Έλοιιά
457 2729 615 2815 κατεγέλα
637 2729 751 2812 συνῆς,
781 2723 823 2801 ὥς
842 2720 926 2812 αὐτοὶ
946 2731 1012 2811 μὲν
1033 2721 1168 2794 ἄνθου-

112 2837 154 2880 οο
176 2806 261 2898 πρὸς
282 2805 419 2879 ἅπασαν
439 2809 540 2897 ὥραν,
560 2813 661 2898 ουυῆς
682 2805 776 2884 δὲυδ
798 2808 904 2886 ἄνθος
925 2815 1168 2898 sumusnostra).-

113 2891 233 2982 λούσης
252 2908 323 2972 ταῖς
342 2895 453 2978 ὥραις·
475 2896 529 2972 οἷς
542 2901 762 2985 ,καταρρυεῖσα
781 2889 860 2986 χιδν
879 2889 942 2980 τὴν
963 2901 1031 2981 μὲν
1052 2898 1168 2966 ἐλαίαν

113 2985 267 3066 nonnoso
288 2977 430 3068 εὑροῦσα
450 2997 517 3057 τοῖς
538 2985 656 3058 θαλοῑς
674 2975 880 3089 ἐνιζδνουοα·
893 2973 955 3050 edu
983 2982 1028 3069 νῷ
1055 2974 1167 3054 κᾶλλοι

112 3058 274 3141 καθάπαξ
301 3059 430 3150 ταύτην
463 3067 658 3154 διέφθοιρου.
698 3093 764 3155 orsu,
790 3067 831 3136 δὲ,
859 3061 990 3152 φύλλιον
1022 3061 1167 3166 salonino

111 3143 245 3257 ρυμνὴν
269 3145 365 3216 οὐδὲν
391 3146 496 3236 ἠδίκει
528 3150 610 3238 πρὸς
639 3152 681 3300 νῇ

117 3228 196 3322 -Eyul
214 3233 252 3301 dl
269 3231 404 3302 πάντων
421 3240 489 3306 καλ.
509 3236 651 3324 suspicor
677 3249 802 3304 oeutam
820 3236 929 3302 olivam
948 3234 1018 3298 nivo
1033 3253 1166 3320 oooper-

684 3147 941 3241 νδιιοῤῥέουου.
983 3147 1038 3218 llla
1070 3151 1168 3234 igitur
1267 3213 1269 3218 .

113 3331 188 3388 tam.
226 3317 278 3386 En
300 3316 421 3405 Lydiae
445 3320 566 3388 fabulae
586 3321 741 3405 speeiem,
762 3339 896 3406 quarum
916 3316 1089 3384 fabularum
1110 3341 1166 3384 no·
1302 3329 1306 3338 ’

113 3405 209 3471 titiam
241 3402 294 3470 uni
324 3414 487 3491 praeterea
528 3405 681 3484 debemus
709 3405 907 3470 Scholiastae
942 3404 1104 3490 Anonymo
1133 3405 1165 3470 in

114 3487 267 3576 Aphthon.
280 3488 323 3569 Π,
343 3511 374 3576 p.
384 3491 415 3556 8.
432 3488 531 3560 Waln.
551 3489 697 3564 Λυδίους
719 3491 774 3558 καὶ
796 3489 959 3574 Φρυγίους
978 3491 1033 3556 καὶ
1052 3488 1168 3575 Aratu-a

113 3568 191 3646 uode
210 3570 290 3648 τοδε
316 3580 351 3642 ἐν
373 3570 486 3661 Ιιοδναιν
508 3573 634 3661 ἀλόγων
658 3572 744 3655 ζώων
771 3569 938 3644 ἐκάλεσαν.
984 3572 1057 3640 Νοο
1078 3586 1165 3642 recto

114 3659 211 3744 igitur
231 3659 406 3726 Grauertus
429 3659 470 3726 de
496 3658 626 3728 Fabulis
648 3659 807 3747 Aesopieis
830 3660 922 3746 pau.
954 3656 1074 3747 Lydius
1095 3683 1165 3724 eas·
1252 3697 1257 3704 ·

115 3747 187 3808 dem
207 3745 315 3821 statuit
334 3765 404 3810 esse
425 3769 502 3834 quas
523 3743 708 3832 Aesopiam,
735 3743 820 3832 quod
848 3746 988 3832 Aesopus
1008 3743 1164 3810 interdum

115 3826 286 3896 Sardianus
307 3827 371 3894 sive
391 3829 562 3920 Lydussit
580 3841 785 3918 nuncupatus.
826 3827 915 3896 Idem
935 3827 1069 3894 fabulam
1088 3828 1165 3894 Cal-

114 3911 297 3980 limaolaeam
319 3935 382 3980 non
408 3916 538 3986 multum
559 3915 760 3986 abhorruisse
781 3914 890 3983 statuit
919 3915 959 3978 alr
992 3933 1049 3993 ea,
1082 3935 1165 4000 quaa

115 4011 166 4066 eat
182 3997 267 4082 apud
297 3997 434 4083 Coruino
463 4023 509 4068 ur.
527 4003 597 4070 143.
619 4001 712 4087 ρ.84.
758 3997 912 4102 Inscripta
934 4009 981 4065 eat
1002 3993 1165 4084 Κάλαμου

114 4085 168 4152 sal
196 4081 334 4152 ’Eleius
370 4084 467 4157 Oliva,
496 4088 577 4154 euim
611 4108 693 4175 quae
725 4101 761 4154 se
794 4083 881 4150 nullus
914 4083 1011 4152 ventis
1039 4083 1164 4150 ooueuti

114 4170 284 4236 iaetarerat
304 4169 415 4237 oborta
435 4181 621 4260 tempestato
641 4171 804 4256 frangitur.
853 4167 987 4236 Similror
1002 4179 1106 4236 tamen
1124 4189 1164 4234 eu

115 4278 207 4342 quam
221 4275 278 4322 nos
299 4253 464 4337 attulimus,
485 4279 580 4346 quum
601 4278 652 4324 res
668 4255 749 4322 inter
767 4253 844 4324 duas
864 4255 994 4321 arbores
1015 4263 1164 4338 ageretur

116 4339 199 4428 apud
222 4339 462 4412 Gallimaolsum:
494 4365 566 4410 oum
584 4341 634 4412 illa
654 4362 818 4430 compares
841 4361 886 4408 nr.
910 4333 974 4410 uad
988 4337 1120 4415 „Furiae
1160 4381 1164 4390 ·
