2920 4862
601 281 659 360 59.

180 450 314 518 Incidit
334 449 372 514 in
395 441 565 540 Scyllum,
596 447 658 540 qui
677 448 754 516 vult
772 449 884 516 uitare
907 452 1115 540 wambais.

78 533 318 626 Narratinuem
342 535 523 602 coniioimus
544 538 590 605 itu
610 537 679 602 iere
696 535 867 602 institutam
889 536 996 618 tuisse,
1017 549 1052 606 ut
1072 559 1154 627 rogo

77 621 218 770 poeitae
238 643 347 687 amore
367 621 533 688 consectae
553 619 601 688 vei
621 623 663 687 ab
683 621 809 688 Venere
831 621 1016 689 interfectae
1037 625 1155 692 colum·

109 729 153 772 as
173 705 339 772 immisisse
361 707 470 795 Cyprii
491 706 686 773 dicerentur:
715 727 809 792 wem
837 729 925 773 arem
947 719 1070 774 constat
1091 712 1155 774 Ve-

77 795 162 856 neri
181 811 305 858 sacram
331 791 436 858 inisse.
477 792 578 860 Erant
632 811 703 858 men
724 789 817 857 etiam
835 791 915 858 aliae
936 793 1067 858 iabeiiae
1089 795 1172 880 Oy-,

77 875 200 968 prise,
221 876 254 958 isi
275 876 402 981 qpidem
424 876 503 944 fides
526 801 651 944 'rhedam
671 877 698 951 l,
719 899 750 963 p.
765 877 834 944 172
875 877 1029 954 Αἴσωπος
1049 879 1154 956 εἶπεν,

89 959 108 984 a

79 960 252 1111 &Alpion
283 985 370 1047 αιιηρ
403 960 427 1050 ἢ
456 963 660 1050 Συβαρίτης,
688 955 711 1046 ἢ
741 959 912 1048 Κυπρία
941 955 1057 1112 pusi·
1109 963 1155 1032 Ut
1195 1028 1202 1036 .

120 1069 235 1150 pprae
265 1045 401 1148 mulieris
437 1071 498 1135 apo
523 1050 673 1134 hthegma
704 1046 811 1151 nescip
845 1045 930 1134 quod
962 1047 1029 1149 aeia
1051 1059 1154 1114 ratum

80 1131 506 1307 ἱιέἒίῖοῧὶιίιιιὲοΐίἱιὲηωὸομ
516 1137 713 1290 7ἕζοιιίιιιιιοι
739 1133 849 1220 dandal
878 1129 962 1198 nudo
992 1151 1063 1199 mre
1091 1133 1155 1200 huc

177 1319 324 1407 Denique
343 1319 422 1386 haec
443 1321 532 1390 addit
551 1321 707 1409 scriptor:
734 1313 886 1408 Arpusdc
913 1319 949 1390 dd
970 1322 1064 1398 αἶνος
1086 1315 1154 1391 sind

81 1405 156 1476 τοῦ
178 1411 301 1480 ἔθνους
323 1409 479 1490 εἰρῆσθαι
510 1409 655 1495 λέγεται,
687 1401 755 1474 dard
783 1400 917 1492 Λῖβοός
936 1419 1029 1482 τινος
1059 1442 1100 1458 -
1121 1410 1155 1474 οἱ

84 1493 129 1560 δὲ
154 1487 333 1576 Κύβιοσιιο
353 1487 492 1580 aripennis
510 1494 670 1581 γενέσθαι
691 1491 759 1560 τοῦ
780 1490 887 1564 εἴδους
904 1487 1030 1562 τούτου
1048 1525 1090 1543 -
1111 1489 1154 1567 οἷς

81 1571 257 1665 Αἰσχύλος
282 1574 442 1662 διασαφεῖ·

173 1670 250 1746 Ὧδ’
268 1679 335 1746 tusi
356 1677 479 1763 μύθων
499 1675 565 1744 τῶν
596 1672 758 1764 Λιβυκῶν
777 1671 816 1744 od
837 1675 938 1752 ιιλὲος.

83 1763 271 1831 Pleniorem
293 1763 397 1828 iocum
407 1759 551 1847 Aeschyli
566 1763 698 1830 serravit
713 1760 890 1827 Scholiasta
904 1759 1059 1852 aristoph.
1079 1762 1152 1830 Ars.

83 1852 182 1931 808,
205 1849 262 1918 uir.
283 1849 455 1914 Hermann.
478 1845 616 1933 Opuscc.
637 1847 686 1928 V.‚
707 1870 739 1935 p.
754 1846 824 1912 148.
858 1845 912 1910 ubi
933 1857 1020 1913 reate
1041 1859 1089 1914 est
1110 1843 1153 1924 ὥς

85 1929 130 2016 d',
151 1935 208 2002 sed
233 1935 264 2000 in
288 1933 350 1999 fine
371 1928 468 2020 λόγος
487 1929 573 2018 quod
600 1930 704 1998 editur
731 1930 826 1995 cedat
846 1929 959 1996 veriori
978 1929 1153 2020 scripturae

87 2043 178 2087 nunc
198 2017 339 2108 prolatae
360 2019 461 2094 κλέος.
502 2017 553 2084 Ita
572 2017 671 2105 igitur
691 2015 767 2082 dixit
794 2027 905 2103 poeta:

175 2119 290 2199 ‘ssed’
318 2122 406 2189 ἐστὶ
435 2119 583 2205 μύθων
614 2123 694 2193 acio
725 2113 996 2220 Aspunasscip
1023 2118 1153 2192 κλέος.

88 2207 406 2362 Ιέξεὲἰλῐὶἓοιίοαῳιιο
426 2202 515 2271 addit
535 2205 686 2296 scriptor,
715 2205 791 2273 inde
817 2227 846 2272 a.
869 2228 898 2272 r.
926 2201 1104 2286 Κοβιοοαιι
1125 2225 1152 2268 ι.

457 2594 667 2696 Caput
727 2597 778 2672 X.

349 2725 695 2838 Simonides
743 2762 899 2836 Ceus.

178 2979 285 3044 donus
316 2987 365 3044 est
394 2997 434 3044 ex
462 2999 526 3065 quo
557 2973 726 3043 Simonidis
754 2975 815 3042 Cei
842 2973 980 3044 earmina
1013 2993 1033 3040 a
1062 2970 1153 3038 nobis
1271 3021 1277 3026 ¹

94 3059 179 3128 edita
206 3074 287 3128 sunt.
342 3063 516 3128 Censorem
546 3063 675 3150 quidem
708 3060 776 3128 eiua
806 3061 875 3128 iibri
904 3056 1043 3128 noudum
1076 3057 1154 3123 vidi-

19 3226 25 3234 ,
94 3167 180 3228 mus3
200 3145 258 3211 sed
279 3141 343 3209 duo
366 3147 422 3211 viri
443 3160 515 3234 post
538 3169 596 3214 nos
619 3147 771 3214 Simonidi
799 3169 930 3237 operam
950 3165 1040 3211 suam
1059 3160 1152 3228 prae-

94 3233 260 3308 stiteruuts
291 3228 370 3294 aiter
399 3231 458 3296 Eia
483 3233 583 3296 iarum
601 3231 786 3316 ,fragmenta
816 3227 1003 3297 excudenda
1023 3225 1152 3304 curavit,

94 3316 136 3382 de
179 3341 220 3384 uo
241 3314 358 3400 dictum
379 3325 429 3380 est
448 3255 507 3380 aiio
528 3315 599 3380 ioco
622 3325 775 3402 quautam
795 3317 873 3382 satis
898 3326 966 3382 est:
996 3310 1074 3376 alter
1094 3331 1153 3376 nu·
1192 3323 1223 3352 f

94 3422 189 3552 λλ..
203 3396 1071 3574 titt?traintt⁸tittttt¹²diffiniti
1085 3417 1152 3546 tt

60 3599 65 3610 ·
93 3571 124 3636 in
145 3569 247 3636 hoco
269 3570 378 3638 nscnio
399 3569 485 3658 quod
515 3593 535 3635 a
562 3569 650 3636 nobis
663 3569 718 3635 rei
740 3569 920 3638 derelictum
942 3565 1077 3656 suppleri
1098 3579 1151 3631 va·-

74 3657 184 3722 ·limus
208 3595 356 3724 reimale
375 3656 622 3724 administratum
643 3655 770 3743 corrigi.
812 3655 895 3722 Nam
916 3676 998 3743 quae
1018 3653 1049 3718 in
1077 3651 1151 3752 Vita

95 3754 209 3831 poetae
228 3741 331 3829 posita
350 3745 475 3810 suntab
497 3743 669 3830 interprete
688 3741 859 3821 Germano,
880 3755 988 3808 nostra
1003 3756 1150 3822 agnosca·

95 3851 164 3894 mus
186 3827 332 3914 pleraque
354 3829 471 3896 omnia:
505 3825 660 3915 quaedam
682 3837 791 3914 aperto
812 3827 888 3894 falsa
909 3836 990 3893 sunt
1031 3826 1150 3890 Auctor

96 3912 222 4000 quidem
242 3913 310 4000 ipse
330 3912 545 3982 absolutaiam
561 3913 694 3979 maxima
736 3913 929 4002 arteoperis
946 3909 994 3976 sui
1010 3920 1148 3974 nostram

96 3997 262 4064 editionem
284 3997 315 4062 in
335 4019 444 4064 manus
464 3999 522 4064 sibi
537 3999 691 4066 venissen
717 4009 817 4064 ποιοί.
858 3994 996 4062 Difficile
1016 4003 1065 4060 est
1085 4013 1147 4057 non

97 4082 243 4162 credere,
263 4105 336 4149 uam
357 4083 402 4151 vir
443 4085 539 4150 robus
559 4094 626 4165 est,
646 4083 703 4154 aad
725 4081 858 4150 credere
876 4079 1038 4148 difficiiius.
1072 4077 1148 4144 Ηοο

96 4181 200 4238 tamen
224 4166 272 4235 vei
300 4189 362 4234 non
390 4191 408 4236 a
446 4169 557 4236 rmauti
584 4168 756 4249 cradi-us,
783 4167 815 4232 in
840 4162 1063 4234 transferendis
1092 4161 1147 4228 srr.

37 4325 42 4332 ,
96 4266 217 4344 poetas
232 4263 372 4320 nastrum
395 4275 483 4320 exem
505 4252 551 4319 iar
581 4253 730 4322 nondum,
750 4252 913 4340 cognitum
943 4249 1002 4339 ipsi
1035 4245 1145 4314 inisse:

7 4383 10 4454 t
97 4360 167 4410 uam
187 4339 260 4408 nihil
280 4341 454 4430 suspicatos
504 4337 630 4408 rmouidi
647 4340 717 4408 Oen
744 4337 851 4410 tribuit
878 4358 963 4429 quae
990 4356 1052 4404 non
1073 4343 1145 4402 suut
1254 4385 1260 4392 .
