2920 4862
630 323 676 366 vu

123 471 324 570 fragmentis
345 468 555 568 vocibusque
572 469 786 565 Pindaricis,
815 497 902 572 quae
928 497 1020 546 nune
1044 473 1181 552 demum

122 575 317 672 accepimus
350 577 434 648 satis
464 571 662 669 praeclara,
702 574 745 645 de
773 575 930 648 Dialeoto
962 586 1082 672 poetae
1110 589 1180 652 tam

121 698 204 746 sana
230 676 396 772 praecipit
421 675 618 763 Diaoonus‚
652 686 690 746 ut
711 675 783 746 fere
805 675 1013 748 concordent
1033 701 1114 750 eum
1137 680 1181 750 iis

121 797 210 872 quae
225 785 342 847 nostra
357 785 467 849 aetate
481 773 652 846 duumviri
665 778 946 872 praestantissimi
958 777 1181 852 Hermannus
1219 798 1222 821 ²
1268 777 1275 792 ‘

120 884 224 971 atque
245 876 442 949 Boeelrbins
468 877 591 949 eximie
615 876 861 972 patefecerunt.
919 878 1014 950 Tum
1038 877 1080 950 de
1103 904 1181 952 ora·

120 976 225 1049 tionis
259 976 465 1050 Pindarieae
501 975 686 1050 luminibus
720 988 791 1050 tam
824 977 972 1050 dilucide
1007 981 1098 1077 agit,
1141 990 1181 1054 ut

118 1101 222 1174 qnem
247 1101 325 1152 oum
349 1103 391 1153 eo
417 1105 461 1154 ex
488 1079 637 1176 antiquis
661 1101 854 1178 comparem
878 1077 1009 1152 frustra
1032 1081 1178 1156 eircum-

117 1203 272 1277 spretam.

218 1335 363 1424 Abeedo
378 1349 431 1428 ad
456 1351 595 1426 alteram
622 1363 751 1452 partem
777 1377 865 1452 quae
890 1363 942 1426 est
963 1348 1006 1424 de
1030 1351 1099 1424 vita
1123 1373 1177 1424 re·

117 1448 253 1550 busque
282 1464 421 1550 poetaer
456 1455 493 1524 in
522 1479 592 1552 qua
621 1455 858 1528 commorabor
885 1452 1002 1550 paullo
1032 1451 1174 1528 diutius.
1252 1525 1257 1540 „

45 1567 47 1572 '
115 1547 247 1624 Adhuc
270 1563 433 1650 quattuor.
452 1551 661 1626 habebamus
681 1555 780 1629 Vitas
802 1553 967 1627 Pindari:
1000 1577 1020 1623 a
1039 1551 1177 1624 Thomu

114 1651 285 1751 Magistro
316 1653 510 1745 redactam,
552 1653 692 1726 alteram
725 1653 817 1752 apud
850 1653 1017 1743 Suidam,
1057 1652 1177 1728 Vitam
1226 1742 1228 1748 Ι

8 1843 9 1850 ¹
114 1752 316 1846 Metrieam,
344 1778 447 1852 quam
470 1780 514 1827 ex
537 1755 688 1851 antiquis
713 1757 786 1828 suis
810 1751 1015 1826 Eustatbius
1038 1779 1177 1851 quoque

8 1891 9 1894 ¹
113 1855 292 1952 apposuit,
326 1851 473 1952 denique
493 1880 568 1928 eam
594 1880 697 1950 quam
728 1853 912 1946 „barbaro
938 1853 1068 1925 calamo
1092 1879 1175 1925 eon·

114 1955 286 2028 tractam''
314 1980 358 2028 ex
385 1955 502 2028 codiee
526 1955 786 2030 Vratislaviensi
809 1951 847 2027 Α
877 1965 956 2052 post
983 1953 1174 2027 Schneide-

112 2081 189 2128 rum
200 2055 373 2130 saxonem
391 2056 545 2155 vulgavit
565 2051 616 2127 Α.
628 2053 838 2128 Boeehbins.
883 2057 934 2126 Et
949 2055 986 2125 in
1001 2053 1175 2152 plerisque

112 2156 251 2254 quidem
271 2155 375 2230 rebus
399 2155 450 2228 ad.
465 2155 611 2230 eundem
634 2156 764 2231 sontem
788 2153 933 2228 redeunt
953 2179 1091 2248 omnes,
1126 2155 1174 2227 ita

111 2267 247 2348 minen,
275 2267 314 2330 ut
338 2282 562 2355 unaquaeque
586 2283 649 2330 sua
669 2256 735 2331 sibi
760 2255 885 2329 habeat
907 2257 1047 2354 propria
1070 2267 1173 2352 atque

109 2357 315 2456 peculiaria:
352 2355 558 2430 Eustatbius
583 2357 685 2457 longe
711 2357 871 2460 plurima.
939 2355 1007 2429 Cui
1035 2355 1174 2454 quidem

109 2462 178 2550 iam
202 2455 270 2529 hoo
295 2453 456 2549 debetur,
491 2468 532 2528 nt
561 2457 604 2530 de
629 2459 829 2531 auctoritate
853 2458 1006 2530 omnium
1030 2459 1174 2530 istarum

109 2557 341 2630 narrationum
364 2581 551 2655 earumque
569 2555 722 2628 lontibus
743 2557 869 2629 certius
888 2566 1036 2630 statuere
1054 2558 1168 2630 lioeat.
1303 2598 1306 2604 ·

108 2659 163 2732 lta
187 2658 277 2732 euim
301 2655 476 2756 praefatur
498 2655 536 2758 ἓ.
550 2644 952 2756 25.”Επιμεμέλοιται
976 2654 1063 2737 ύπδ
1083 2664 1172 2738 τῶν
1222 2707 1224 2712 ,

107 2762 332 2842 ποιλοιιῶν
363 2755 431 2841 καὶ
462 2759 512 2842 elo
536 2757 663 2854 γένους
688 2754 918 2864 οἱνοιγροιφήν
945 2755 1017 2844 τοῖν
1044 2751 1173 2838 κοινοί

108 2890 161 2943 τε
190 2854 510 2966 Πλούταρχον
537 2859 620 2942 καὶ
648 2859 846 2966 ἑτέρους.
894 2861 951 2932 De
976 2857 1170 2933 Plutarcho

108 2962 220 3035 statim
245 2960 458 3036 videbimus:
489 2961 603 3036 alios
628 2989 697 3037 non
722 2975 847 3036 temere
871 2963 1016 3035 iactasse
1040 2960 1168 3033 Eusta-

107 3061 218 3136 thium
241 3074 407 3136 monstrat
427 3062 515 3135 illud
539 3063 634 3162 quod
656 3092 692 3163 p.
707 3061 776 3157 59,
800 3060 838 3136 l.
860 3063 975 3136 Tasel.
1002 3063 1168 3134 narratio·
1210 3117 1218 3128 .

107 3189 186 3236 nem
211 3161 254 3236 de
282 3164 405 3262 apibus
428 3164 584 3238 Pindaro
610 3164 866 3238 adolescentulo
894 3189 1016 3238 somno
1048 3187 1168 3235 eonso·
1243 3157 1251 3174 ’

106 3265 179 3365 pito
206 3263 276 3338 mel
307 3266 359 3338 ori
385 3265 639 3363 imponentibus
667 3265 943 3339 Chamaeleontis
969 3265 1170 3336 auctoritate

106 3378 140 3440 et
169 3365 275 3460 Istri,
313 3364 510 3439 hauddubie
541 3366 786 3459 Callimaebei,
823 3364 1014 3437 confirmat.
1075 3363 1167 3438 Cha·
1219 3441 1229 3450 ,

104 3467 259 3541 maeleon
282 3478 410 3560 autem,
442 3469 540 3540 euius
563 3466 691 3539 librum
716 3462 801 3570 περὶ
823 3456 1005 3568 Πινδάρου
1031 3491 1074 3538 ex
1098 3491 1168 3539 uno

102 3567 286 3643 Athenaeo
305 3569 425 3660 XIII,
450 3594 488 3666 p.
503 3565 606 3662 575,
627 3566 672 3642 G.
698 3593 879 3660 notamus,
907 3569 1060 3642 omnium
1080 3592 1167 3666 quos

103 3669 148 3745 de
175 3681 296 3766 poetae
326 3669 429 3743 rebus
457 3670 570 3768 egisse
600 3671 795 3767 accepimus
823 3671 1074 3744 vetustissimus
1099 3677 1164 3759 est,

104 3797 141 3842 v.
162 3769 330 3844 Boeebbii
359 3771 524 3845 Prooem.
554 3769 690 3846 Soboll.
724 3799 762 3871 p.
779 3798 828 3844 rx.
891 3772 973 3844 lstri
1004 3770 1167 3842 memoria

104 3872 234 3964 iuerat,
273 3884 313 3945 nt
340 3874 483 3968 opinor,
522 3877 563 3953 ἑν
594 3875 669 3956 τοῖς
700 3873 1007 3974 ἐπιγραφομένοις
1032 3875 1167 3950 Meto.

103 3975 231 4060 ποιοῖς,
258 3996 293 4043 v.
311 3970 439 4047 Suidas
459 4000 495 4047 v.
510 3979 658 4074 Φρῦνις,
682 3972 818 4049 Scholl.
838 3971 1023 4071 Aristoph.
1042 3970 1162 4069 Nubb.

7 4123 8 4128 κ
104 4069 199 4146 967.
225 4082 260 4146 et
279 4070 425 4147 Siebelis
449 4101 486 4176 p.
503 4073 569 4148 75.
623 4078 680 4150 Ex
701 4076 823 4150 iisdem
844 4086 975 4148 oertum
993 4083 1046 4154 est
1065 4071 1165 4172 plura

104 4175 207 4249 etiam
230 4197 408 4249 manasse:
444 4177 642 4278 singulatim
669 4177 893 4253 demonstrari
916 4175 1046 4276 nequit.

201 4356 385 4435 Plutarchi
409 4359 621 4434 narrationes
645 4357 745 4436 uobis
770 4357 925 4435 ridemur
950 4355 1163 4457 aliquatenus
