2920 4862
226 2233 229 2241 ’
313 2212 354 2278 ad
377 2211 412 2277 ir.

317 435 431 524 ipsius,
459 453 521 501 nec
550 431 721 523 quidquam
751 431 917 522 distinguit,
942 434 1022 506 iuter
1052 435 1317 526 iambograpbum
1348 447 1387 505 et

318 520 455 608 lyricum·
469 528 602 606 poetam.

236 650 239 676 .,
402 602 552 670 Privatim
579 613 683 672 autem
716 601 891 689 complures
922 603 978 670 viri
999 600 1085 672 docti
1111 605 1280 672 sententias
1301 627 1385 672 suas

319 687 361 754 de
388 691 483 754 rebus
511 687 705 766 Simonideis
733 689 895 754 uobiscum
925 690 1239 758 communicaverunt.
1290 691 1387 759 luter

319 795 398 861 quos
417 773 558 858 Bergkio
579 796 650 840 mco
671 772 834 859 plurimum
854 772 982 846 debebit
1002 787 1105 861 poete.
1143 775 1256 842 Sedis
1278 798 1385 862 quum

318 881 432 929 suase
453 859 577 944 publice
599 841 1028 945 exprompturumlpotlieirus
1050 861 1103 927 sit:
1133 883 1190 926 uos
1212 861 1384 948 quaeipsi

306 954 391 1030 'post
410 941 494 1008 edita
515 953 588 1008 aute
616 942 674 1010 bos
695 965 749 1009 sex
777 965 901 1010 menses
930 943 1113 1012 Exercitett.
1146 946 1239 1013 Critt.
1260 945 1396 1033 Capite

319 1027 457 1114 quinque
479 1029 584 1115 priora
599 1028 829 1112 observavimus
847 1028 1061 1098 constituimus
1083 1029 1188 1096 edere.
1231 1031 1381 1106 Quorum

341 1112 466 1198 leraque
485 1136 523 1181 eu
545 1113 582 1178 iis
603 1125 676 1180 suut
695 1113 797 1192 libris,
819 1115 931 1202 quibus
951 1113 998 1180 vel
1016 1117 1141 1182 omnino
1156 1131 1234 1184 tuuc
1247 1117 1291 1184 uti
1312 1139 1380 1182 uou

317 1135 431 1264 licebat
454 1197 501 1262 vel
521 1198 633 1283 quibus
654 1199 825 1264 amicorum
846 1222 967 1286 opera.

444 1281 469 1346 I.
507 1281 612 1350 Schol.
633 1283 750 1350 Victor.
769 1282 815 1354 ,lt
835 1282 882 1369 ΩΙ.
903 1285 975 1350 228.
1003 1276 1215 1376 Ἀρίσταρχος
1236 1285 1271 1352 δέ
1295 1311 1381 1376 φησι

315 1363 381 1456 τὴν
404 1363 582 1453 κιβωτὸν
598 1369 761 1454 νεωτέρων
783 1369 878 1438 εἶναι·
901 1361 1014 1456 ῶγνοεῐ
1033 1370 1067 1438 δὲ
1088 1365 1140 1437 ὅτι
1160 1370 1377 1456 ωωίΣιμω-

316 1452 434 1537 νίδης
454 1453 508 1518 καὶ
528 1445 722 1527 Ἑλλάνικος
742 1453 834 1538 μέμν
858 1448 1044 1539 τοιαύτης.

399 1535 523 1623 Nempe
551 1536 693 1622 intelligit
716 1537 808 1602 homo
831 1480 949 1602 dictum
974 1537 1047 1602 illud
1071 1533 1304 1617 Simonidem,
1332 1535 1377 1602 de

316 1641 379 1706 quo
402 1621 600 1707 exposuimus
618 1621 770 1709 Prolegg.
793 1623 951 1708 p.XXll.‚
972 1617 1033 1709 την
1054 1623 1119 1687 τῶν
1139 1619 1303 1706 ἀργυρίων
1322 1647 1378 1690 nr·

315 1700 423 1790 βωτὸ
433 1732 453 1772 ν
474 1701 634 1790 εὑρίσκειν
651 1699 700 1778 οἷοί
715 1699 834 1791 ωληρη.
856 1707 1026 1773 Praeterea
1039 1707 1123 1772 idern
1136 1705 1376 1792 apophthegma

316 1795 389 1854 cum
410 1800 557 1876 quattuor
577 1789 644 1856 'aliis
673 1790 704 1854 in
726 1791 880 1858 Violctum
903 1815 992 1858 suum
1024 1791 1143 1876 recepit
1171 1791 1319 1855 Arrenius
1341 1815 1373 1878 p.

314 1873 454 1960 483sq.‚
491 1895 574 1961 quae
604 1874 728 1940 aliunde
763 1887 837 1942 nota
859 1877 922 1942 suis
946 1875 1021 1941 locis
1052 1877 1374 1942 commemoravimus.

313 1958 417 2022 Altero
451 1957 520 2022 loco
543 1959 627 2045 quod
660 1961 792 2047 positum
823 1973 873 2026 est
905 1973 1036 2048 usurpat
1061 1960 1238 2048 Apollonius
1266 1961 1371 2048 Tyan.

312 2041 414 2128 Epist.
434 2042 585 2108 LXXXI.
626 2044 818 2131 Σιμωνίδης
850 2049 940 2132 ἔλεγε
960 2046 1127 2134 μηδέποτε
1155 2041 1246 2130 enare
1265 2071 1372 2130 μετα-

312 2127 455 2214 pastinat
476 2151 506 2192 σι
530 2121 658 2213 ηοαντι,
679 2133 895 2218 φθεγξαμένῳ
915 2133 949 2197 δὲ
972 2125 1140 2206 πολλάκις,
1162 2129 1206 2194 dc·
1222 2153 1286 2216 quo
1313 2132 1370 2196 cfr.

426 2152 528 2278 OVll.
546 2211 711 2299 disputata.
755 2215 802 2278 Ad
824 2215 949 2278 tertium
973 2217 1019 2298 (v.
1034 2214 1186 2298 Prolegg.
1208 2237 1238 2300 p.
1249 2215 1371 2298 XXII.)

313 2296 398 2361 adde
424 2295 565 2363 Notarae
594 2309 627 2364 et
654 2299 798 2364 Gennad.
824 2299 923 2386 Epist.
943 2299 974 2364 iu
1006 2299 1199 2364 Boissonadii
1229 2302 1370 2373 Auecdd.

210 2459 214 2468 .
313 2383 387 2446 Grr.
400 2381 437 2459 V,
460 2406 488 2468 p.
505 2383 571 2448 130.
595 2382 649 2450 Τσί
672 2384 772 2452 λοιποί
793 2385 954 2471 σοφιστῶν
974 2389 1035 2450 εἰσι
1055 2387 1109 2450 καί
1130 2389 1370 2470 γραμματικῶν

312 2467 378 2530 τῶν
400 2469 475 2552 περὶ
496 2463 556 2543 τῶς
573 2472 640 2538 τῶν
661 2469 810 2538 δυνατῶν
827 2470 1058 2556 στρεφομένων
1079 2469 1128 2542 ῶς
1149 2495 1211 2543 τις
1230 2473 1369 2557 εἴρηκε

207 2609 210 2618 ,
311 2547 434 2626 πῶλος.

439 2635 480 2700 ΙΙ.
518 2635 609 2709 Quae
630 2635 783 2722 Prolegg.
805 2655 835 2724 p.
851 2634 912 2708 xl.
926 2657 971 2721 sq.
993 2631 1035 2698 de
1057 2633 1235 2699 dulcedine
1256 2637 1367 2702 carmi-

311 2742 385 2784 num
408 2720 657 2804 Simonideorum
686 2721 913 2808 explanavimus
936 2720 1101 2784 confirmat
1125 2731 1249 2804 praeter
1270 2731 1367 2789 testes

312 2805 389 2886 alios
409 2805 542 2872 loannes
564 2799 712 2873 Siceliota
732 2806 787 2884 Vl,
815 2829 845 2893 p.
855 2800 1046 2886 sassinate,
1078 2801 1242 2892 Ποιητικὴ
1263 2804 1285 2893 ἦ
1307 2802 1369 2883 ’loia

312 2894 367 2956 οιαὶ
386 2885 498 2974 ἡδεῖα,
531 2887 573 2967 ῶς
600 2896 667 2960 τῶν
698 2889 806 2958 ἄλλων
834 2885 984 2974 οὐδεμία·
1016 2886 1066 2956 διὸ
1096 2891 1151 2956 καί
1171 2883 1368 2960 τῶΊωνικῶ

311 2973 485 3062 murriones
507 2977 667 3062 ἐξαίρουσι
698 2989 768 3047 ταῖς
798 2970 950 3058 ἡδοναῖς,
986 2973 1093 3059 ῶσπερ
1108 2967 1157 3040 ’σοί
1177 2974 1369 3059 Σιμωνίδου

312 3061 367 3125 ναὶ
388 3055 562 3126 Μενελάου
582 3061 638 3126 ναί
657 3083 736 3126 τινα
755 3061 822 3126 τῶν
842 3055 995 3145 Ὀμήρου
1014 3051 1219 3147 Στησιχόρου
1247 3087 1284 3130 τε
1311 3066 1367 3130 nini
1444 3139 1445 3150 p

308 3139 419 3213 ,ἄλλων
443 3145 584 3210 πολλῶν.
874 3183 878 3192 ·
1224 3177 1228 3189 ε

332 3251 334 3254 ·
393 3227 527 3292 Ioannes
549 3225 820 3293 'celebratissimum
832 3225 873 3292 de
890 3225 1056 3292 dulcedine
1074 3226 1142 3292 Oea
1159 3225 1273 3294 famam
1290 3227 1366 3294 laiso

311 3310 532 3401 interpretatus
552 3326 619 3395 est,
654 3313 743 3400 quasi
775 3312 883 3378 Ionica
905 3311 1038 3380 dialecto
1067 3311 1242 3396 scripsisset
1262 3327 1367 3399 poeta.
1444 3357 1445 3386 r

310 3396 393 3461 Nam
415 3397 457 3462 ad
477 3398 605 3484 Elegiae
638 3420 711 3463 eum
731 3398 813 3465 solas
843 3398 1018 3486 respexisse
1051 3419 1089 3460 eo
1121 3417 1183 3462 non
1216 3397 1368 3466 credibile

312 3493 371 3558 est,
393 3481 478 3567 quod
501 3483 543 3548 de
563 3483 743 3550 stesichoro
757 3483 847 3550 ‚idem
869 3481 1041 3570 praedicat,
1063 3482 1116 3566 qui
1137 3483 1274 3548 nonnisi
1297 3485 1366 3550 Do·

309 3565 377 3629 rico
399 3587 542 3631 sermone
560 3568 692 3654 scripsit.
735 3569 841 3642 Quare
860 3570 1033 3637 Μενέλαον
1052 3567 1135 3632 illum
1157 3601 1199 3616 -
1223 3589 1295 3636 nam
1316 3571 1367 3638 vix

309 3651 485 3737 reperietur
502 3651 555 3738 qui
574 3651 616 3716 de
636 3653 779 3720 Menelao
807 3655 937 3741 Aegaeo
958 3651 1130 3720 Thebaidis
1151 3662 1282 3719 auctore
1310 3678 1368 3722 oo·
1444 3719 1445 3730 ,

310 3735 405 3821 gnari
425 3757 519 3823 posse
531 3737 685 3826 opinetur
702 3773 744 3788 -
763 3739 807 3806 ita
826 3760 1008 3829 expungere
1025 3737 1143 3816 licebit,
1155 3748 1191 3804 ut
1209 3732 1368 3812 'Aineion
1444 3743 1445 3756 *

309 3841 503 3888 revocemus.
1444 3859 1445 3904 3

436 3907 495 3972 111.
523 3902 708 3972 Accedimus
729 3903 770 3971 ad
797 3905 918 3980 locum,
954 3927 1016 3994 quo
1038 3906 1170 3990 primum
1191 3917 1365 3994 conspecto
1444 3907 1445 3912 ’

310 3991 429 4077 gaudio
452 3992 586 4058 latemur
609 4011 665 4056 nos
684 3992 864 4058 exsultasse.
903 3992 988 4060 uum
1009 3991 1148 4076 dicimus,
1170 4017 1264 4076 quem
1277 3995 1365 4060 Wal-
1444 4007 1445 4052 1

310 4076 377 4141 zius
399 4100 438 4142 ex
460 4075 743 4163 codiceAngelico
771 4074 900 4164 protulit
920 4077 962 4158 [1,
981 4101 1010 4166 p.
1024 4080 1064 4144 10
1081 4103 1126 4168 sq.
1174 4079 1365 4148 Eruditissi-
1444 4091 1445 4100 ’

310 4181 380 4226 mus
410 4163 642 4230 Grammaticus
662 4163 843 4230 deflerim
867 4164 948 4251 einp
969 4163 1050 4232 baec
1068 4163 1214 4233 tradidit:
1238 4163 1365 4246 Κορι-

209 4275 243 4310 s
309 4239 518 4326 κδσάίνοςῖ
535 4252 685 4333 λέγεται,
709 4245 752 4318 δν
770 4241 990 4355 οίνεηφέρουοιν
1010 4251 1162 4350 εἷεν-γένει
1178 4249 1281 4334 Κῶρο
1302 4250 1363 4321 ἄν·
1444 4255 1445 4260 ’

309 4331 378 4416 δρα·
402 4335 522 4405 τοῦτον
543 4331 607 4422 γδρ
627 4332 720 4406 ῶλιέοι
741 4354 956 4426 conpererant
967 4351 1124 4425 χειμῶνος
1144 4335 1362 4422 &sennenn
