2920 4862
793 305 827 346 Vl

280 477 359 526 raro
378 449 421 522 de
441 474 504 522 suo
522 455 690 546 apportet,
718 449 786 520 nisi
806 474 876 547 quo
898 474 967 524 non
985 473 1188 549 magnopere
1207 448 1339 525 doleres
1454 445 1455 458 ¹

280 555 425 646 omiss03
453 547 649 621 ¹uerborum
680 561 793 622 autem
820 549 1001 624 artificiose
1032 549 1275 626 comendorum
1305 565 1339 626 et
1454 571 1455 592 ¹

281 653 447 726 sermonis
463 651 650 748 exquisitae
665 649 851 749 elegantiae
869 651 955 726 adeo
971 651 1154 744 studiosus,
1179 661 1220 724 ut
1236 655 1337 744 satie·

279 766 382 826 tatem
409 754 527 825 afferat
553 761 589 824 et
615 749 777 824 taedium.
837 752 943 844 Quod
964 779 1046 826 vero
1069 755 1106 826 io
1127 751 1231 824 rebus
1252 755 1338 850 ipsis
1454 759 1455 810 t

279 853 454 926 tradendis
483 849 674 934 παλαιούς
706 879 788 926 suos
814 855 852 924 in
881 865 995 951 partes
1024 865 1124 926 vocat
1153 879 1339 950 eorumque

278 956 430 1060 vestigiis
449 957 566 1050 piesse
588 951 757 1046 inhaeret,
786 956 864 1051 quis
882 981 953 1038 non
972 979 1177 1053 magnopere
1193 952 1338 1026 laudan-

279 1055 362 1126 dum
384 1054 505 1152 puteti
555 1053 693 1144 Quanta
718 1064 831 1126 autem
855 1055 912 1126 vel
931 1053 1000 1127 lide
1022 1055 1079 1128 vel
1099 1052 1256 1128 socordia
1279 1080 1338 1128 ve·
1454 1123 1455 1150 3

277 1165 389 1230 tostos
412 1154 664 1250 compilaverit,
697 1153 799 1226 docet
821 1155 876 1227 vel
900 1154 967 1228 hoc
988 1156 1193 1253 exemplum.
1247 1156 1339 1230 Nam
1454 1151 1455 1170 ¹

277 1282 385 1354 quum
415 1255 453 1356 S.
470 1251 539 1327 25.
579 1253 770 1327 Pindarum
799 1252 980 1330 Archonte
1009 1257 1120 1330 Bione
1150 1255 1356 1351 versabar,
1454 1275 1455 1302 ³

223 1403 227 1408 ·
277 1357 433 1448 dixisset,
459 1354 688 1452 τεθνηκέναι
710 1367 824 1452 autem
843 1349 905 1437 ὅτε
925 1355 979 1438 rai
996 1356 1165 1462 Περσικοὶ
1184 1352 1341 1457 ἤκμαζε,
1454 1447 1455 1466 χ

276 1457 368 1530 idem
391 1457 502 1531 alieno
524 1458 602 1530 loco
627 1455 663 1559 §-
680 1455 748 1530 27·
775 1457 880 1539 eard
902 1457 973 1554 raia
995 1455 1132 1562 Ξέρξου
1160 1450 1337 1553 διάβασιν
1454 1467 1455 1482 ¹

275 1554 448 1652 α’κμάσαι
475 1557 546 1650 salv
575 1555 746 1648 attalae,
776 1560 938 1634 inculcat.
994 1561 1097 1634 Unde
1122 1561 1238 1658 plures
1263 1561 1338 1633 llu-
1454 1625 1455 1664 ,

276 1658 403 1732 statbio
418 1659 462 1730 ad
478 1687 615 1731 manum
632 1659 738 1731 fuisse
753 1671 1032 1733 commentatores
1047 1661 1187 1733 efficias.
1234 1662 1340 1736 Simi·
1454 1665 1455 1704 ³

275 1759 355 1832 liter
375 1759 413 1860 ἓ.
427 1756 495 1830 27.
518 1759 621 1834 dicit:
656 1749 831 1862 Πίνδαρος
855 1758 919 1846 ἐπὶ
943 1758 986 1840 sd
1009 1753 1151 1841 deiurare
1174 1767 1231 1863 τῷ
1254 1763 1341 1864 θεῷ

275 1852 303 1954 al
329 1857 412 1942 aui
441 1853 623 1940 ἄλλως·
656 1849 833 1964 Πίνδαρος
854 1859 922 1940 tra
947 1857 1012 1938 ἐπὶ
1035 1859 1080 1942 τὰ
1107 1854 1248 1942 δεῖπνον
1271 1869 1343 1942 τοῦ

277 1959 387 2042 θεοῦ.
445 1961 606 2051 Quocum
636 1985 796 2058 compara
826 1961 886 2033 illa
916 1963 1031 2040 εἰπεῖν
1062 1953 1102 2040 dl
1132 1967 1244 2042 τοῦτο
1273 1961 1343 2042 καὶ
1454 1977 1455 2014 ³

277 2057 415 2144 datas
437 2059 543 2140 acroi
568 2058 865 2142 solensitanus
887 2058 1006 2160 526.
1036 2061 1095 2133 cll.
1120 2061 1157 2162 g
1171 2059 1212 2134 5.
1262 2063 1341 2138 Nisi
1454 2111 1455 2144 2

277 2165 366 2238 forte
392 2159 423 2242 οἱ
447 2157 611 2242 παλαιοὶ
638 2162 790 2234 diversas
815 2163 1026 2236 diversorum
1050 2162 1196 2236 fontium
1221 2190 1339 2238 narra·

277 2268 387 2339 tiones
409 2265 446 2334 iu
467 2290 575 2335 unum
594 2262 842 2348 conduxerant.
995 2267 996 2270 ’
1133 2271 1136 2278 ’

377 2417 566 2515 Tripartita
593 2429 707 2492 autem
728 2428 780 2494 est
804 2420 969 2521 prooemii
989 2418 1208 2492 Eustatbiani
1234 2420 1334 2492 ratio.

274 2519 469 2592 Primum
493 2521 583 2592 enim
603 2520 647 2594 de
669 2521 847 2595 modorum
868 2523 1078 2594 musicorum
1100 2533 1222 2592 natura
1242 2520 1338 2604 etde

272 2621 479 2718 proprietate
501 2623 689 2693 carminum
709 2623 897 2720 lyricorum
920 2621 1031 2720 deque
1054 2621 1260 2694 Pindarieae
1283 2645 1339 2692 ra·
1454 2711 1455 2714 Ἴ

273 2723 367 2793 tione
402 2722 514 2819 poesis
546 2722 687 2817 eiusque
718 2723 901 2794 virtutibus
937 2724 1097 2819 exponit,
1144 2720 1186 2791 de
1219 2719 1340 2818 figuris
1454 2769 1455 2796 t

273 2820 473 2916 rhetoricis,
508 2821 551 2894 de
576 2821 722 2894 dialecto
747 2823 957 2918 reliquisque
983 2820 1189 2892 Pindaricae
1212 2819 1337 2895 Musae

273 2921 470 2994 veneribus.
531 2921 704 2994 Deinde
731 2919 774 2992 de
800 2920 869 2992 v'iu
896 2920 1067 3018 rebusque
1095 2933 1215 3018 poetae
1242 2947 1335 2995 eom·

274 3033 444 3094 mentatur
453 3050 465 3116 3
492 3031 716 3118 postremo
740 3020 835 3092 addit
852 3019 1019 3118 quaedam
1034 3019 1077 3094 de
1091 3023 1224 3120 origine
1239 3019 1338 3096 ludo·

202 3137 210 3154 '
273 3147 351 3194 rum
376 3115 660 3220 Olympicorum,
688 3122 731 3196 de
752 3121 928 3220 pentathlo
947 3133 984 3194 et
1003 3123 1211 3194 carminibus
1230 3125 1339 3220 epini-

275 3225 337 3294 eiis
364 3222 522 3294 Pindari.
591 3221 720 3314 Quum·
741 3233 854 3295 autem
886 3225 923 3294 in
954 3225 1076 3321 quavis
1105 3233 1202 3320 parte
1231 3223 1336 3294 buius
1454 3283 1455 3298 ,

274 3323 514 3420 disputationis
536 3333 587 3396 tot
608 3325 716 3396 insint
736 3323 911 3422 praeclare
933 3323 1132 3418 observata,
1157 3336 1219 3397 tot
1247 3349 1337 3398 nova

273 3423 375 3521 plane
404 3435 440 3496 et
472 3425 615 3517 eximia,
657 3427 731 3498 iure
762 3449 839 3498 meo
870 3424 937 3498 boc
967 3423 1089 3498 uideor
1121 3423 1206 3496 mibi
1238 3447 1338 3522 passe
1454 3413 1455 3466 1

274 3523 463 3616 affirmem,
500 3523 587 3596 nibil
613 3551 656 3597 ex
682 3528 776 3598 omni
802 3528 1001 3624 antiquitate
1026 3529 1064 3596 in
1086 3525 1189 3596 simili
1215 3549 1342 3624 genere

275 3635 430 3713 exstare,
458 3627 544 3723 quin
563 3649 641 3696 cum
661 3626 908 3700 Eustatbianae
927 3626 1146 3724 praelationis
1161 3625 1341 3721 ‘opulentia
1448 3629 1455 3704 ‘f

275 3726 499 3797 commissum
525 3725 681 3800 sordeat:
710 3727 796 3799 adeo
818 3728 933 3801 omnio
952 3739 1112 3798 accurate
1134 3738 1340 3822 pertractata
1454 3725 1455 3748 ³

275 3836 368 3896 sunt.
421 3827 497 3900 Nisi
520 3829 598 3924 quis
622 3829 726 3900 vitam
748 3828 895 3902 Homeri
916 3819 1097 3900 Plutarchi
1118 3825 1256 3900 nomine
1277 3853 1340 3900 no·

276 3935 347 3996 tam
368 3927 405 3998 in
426 3930 677 4002 contentionem
698 3931 813 4002 venire
834 3927 1029 4002 arbitretur.
1083 3929 1207 4026 Neque
1225 3939 1340 4000 tamen

132 4087 135 4094 ·
198 4075 206 4096 c
277 4051 435 4130 perverse
459 4029 631 4102 dictorum
656 4055 819 4102 uumerus
841 4031 985 4128 exiguus
1010 4041 1081 4102 est:
1116 4055 1204 4126 quae
1231 4053 1363 4125 quum.

201 4163 203 4168 v
278 4129 391 4223 quivis
425 4130 526 4204 bodie
561 4157 582 4200 a
613 4131 811 4204 Pindaricis
850 4128 1060 4204 carminibus
1094 4157 1164 4204 non
1204 4130 1336 4200 alienus
1452 4135 1453 4187 ἰ

280 4230 392 4298 statim
426 4229 687 4328 deprehenderit
716 4234 807 4328 ipsc,
844 4232 940 4306 nolui
972 4233 1008 4303 in
1039 4234 1115 4304 istis
1142 4227 1338 4302 refellendis

268 4333 509 4427 ‘oquacitatem
535 4359 643 4410 meam
674 4334 817 4434 culpari.
879 4332 952 4410 Sed
975 4360 1018 4415 ne
1042 4332 1127 4435 quid
1150 4331 1264 4406 ¹dicam
1291 4329 1334 4405 de
