2920 4862
759 384 765 394 .
792 325 854 370 vm

288 485 391 577 posse
414 477 622 550 instaurare.
676 474 868 575 Scripsisse
891 501 970 550 eum
995 473 1038 549 de
1059 474 1214 550 Pindaro
1238 475 1360 552 Boeo·

287 593 363 651 tum
401 579 534 652 Boeoto
575 577 739 650 docuerat
778 577 964 679 Catalogus
998 578 1205 678 Lampriae:
1253 582 1354 654 cuius

287 677 368 751 libri
392 678 450 751 hic
475 679 541 753 luit
565 677 705 752 titulus:
741 679 834 784 Περὶ
867 685 934 761 τοῦ
953 675 1153 780 Κράτητος
1177 677 1262 774 βίον
1286 681 1355 761 καῖ

57 793 61 806 ’
219 799 223 804 ’
288 777 514 884 Δαιψοίντον
545 779 613 860 καὶ
641 772 842 884 Πινδάρου,
870 807 906 853 τ.
930 779 1049 854 Photii
1074 780 1170 854 Bibl.
1199 807 1237 880 p.
1255 779 1350 855 511.

287 880 477 956 Hocschel.
530 881 695 955 Laciniae
726 883 807 955 lih'ri
828 881 1038 954 'Plutarchei
1070 881 1136 955 hae
1167 882 1350 954 videntur:

288 1009 368 1054 nam
394 983 488 1081 quod
515 981 635 1080 poc,
656 980 720 1056 11.
774 982 948 1057 Pindarus
972 995 1125 1080 tempore
1145 983 1354 1082 Pythiorum

229 1141 236 1149 .
288 1094 391 1156 uatus
424 1084 643 1182 perhibetur,
688 1084 780 1158 idem
813 1109 902 1156 nnus
935 1094 1111 1182 praetcrea
1140 1083 1354 1158 Plutarchus

287 1186 470 1258 memoriae
494 1185 645 1283 prodidit
667 1183 827 1275 Quaestt.
850 1184 1035 1284 Symposs.
1053 1183 1170 1278 vlll,
1185 1183 1222 1258 1.
1249 1171 1356 1266 1’Hace

287 1279 328 1366 dd
355 1283 423 1366 καὶ
447 1281 623 1390 Πίνδαρος
649 1284 713 1366 ἑτῖ
737 1281 882 1383 μνη’μην
905 1290 946 1366 ἑν
971 1283 1133 1367 Πυθίοις
1157 1283 1357 1386 Ιγενόμονοο.

286 1387 386 1459 Idem
412 1387 555 1460 eandem
582 1413 655 1459 rem
683 1383 939 1486 proculdubio
970 1399 1293 1460 commemoraverat
1318 1391 1357 1460 in
1434 1433 1437 1444 ·

286 1489 371 1563 Vita
395 1487 562 1562 Pindari:
598 1513 677 1560 raro
705 1487 795 1562 enim
821 1486 878 1560 vel
902 1487 1115 1560 historiolam
1140 1487 1197 1560 vel
1223 1487 1357 1562 dictum

286 1600 407 1688 poetae
439 1589 692 1662 versiculumve
724 1587 830 1662 semel
860 1589 985 1686 tangit.
1048 1589 1234 1661 Praeterea
1266 1615 1357 1687 qnae

285 1717 324 1787 p.
342 1686 417 1780 58,
441 1687 511 1760 48.
542 1689 585 1760 de
609 1691 709 1760 Pane
734 1687 880 1760 Pindari
906 1713 1069 1784 paeanem
1099 1701 1257 1761 cantante
1285 1698 1357 1764 tra·

286 1791 359 1862 ulta
384 1789 566 1887 leguntur,
601 1813 709 1886 quum
734 1789 830 1860 vario
852 1787 955 1862 modo
979 1787 1129 1861 referant
1152 1790 1355 1887 scriptores,

285 1889 498 1962 Plutarchus
518 1885 653 1961 duobus
674 1889 762 1962 locis
783 1887 926 1961 eandem
947 1887 1093 1962 formam
1114 1887 1260 1964 fabellae
1277 1917 1357 1990 per-

285 1991 447 2088 stringit,
493 2015 598 2086 quam
636 1999 860 2087 susceperant
897 1985 929 2068 oi
965 1987 1128 2069 παλαιοὶ
1161 1991 1354 2064 Eustathii.

286 2089 418 2164 Confer
449 2089 634 2162 Plutarchi
665 2091 773 2164 Num.
794 2089 862 2165 lv.
898 2100 933 2162 et
963 2090 1045 2165 Non
1075 2116 1177 2188 posse
1207 2095 1359 2166 suaviter

286 2195 358 2264 viv.
381 2217 453 2264 see.
474 2191 622 2290 Epicur.
649 2218 686 2289 p.
704 2187 823 2282 1105,
842 2185 893 2262 Α.
947 2189 1020 2264 Sed
1044 2189 1358 2268 luculentissimum

270 2293 482 2391 'exemplum
507 2294 661 2364 omnium
690 2289 777 2363 illud
808 2301 880 2384 est,
919 2291 1013 2389 qnod
1044 2319 1081 2390 p.
1099 2289 1175 2384 59,
1202 2290 1254 2365 51
1271 2319 1354 2394 sqq.
1439 2349 1440 2417 ρ

287 2405 406 2465 narrat
434 2391 642 2465 Eustathius
669 2391 712 2465 de
737 2389 942 2488 Trophonio
970 2405 1005 2466 et
1029 2391 1230 2492 Agamede,
1267 2419 1358 2492 quac

288 2521 380 2566 unus
395 2492 609 2566 Plutarchus
624 2495 774 2592 posteris
789 2493 941 2568 tradidit.
987 2492 1165 2568 Consolat.
1184 2491 1355 2594 Apollon.

288 2591 510 2693 p.108,l).
538 2598 628 2668 enim
654 2607 835 2694 postquam
857 2621 898 2668 ea
917 2618 1006 2694 quae
1030 2593 1206 2694 subiungit
1226 2599 1356 2670 Eusta-

288 2695 384 2768 thius
407 2696 544 2770 -hoc
567 2699 658 2769 enim
680 2697 945 2794 discrepant-
970 2695 1014 2768 de
1032 2695 1155 2770 Cleobi
1176 2699 1210 2768 et
1230 2697 1360 2771 Bitone

289 2799 474 2898 explicuit,
506 2800 619 2898 pergit
642 2801 710 2870 ita:
748 2793 832 2878 Καὶ
856 2793 941 2902 περὶ
962 2789 1199 2897 Ἀγαμήδους
1224 2788 1264 2876 dd
1290 2797 1362 2876 aci

289 2898 499 3003 Τροφωνίου
534 2896 623 3002 φησὶ
654 2889 834 3002 Πίνδαρος
865 2897 931 2979 τὰν
964 2897 1054 2980 venir
1081 2896 1146 2980 τόν
1180 2902 1220 2977 ἐν
1251 2901 1361 2978 Δελ.Ι
1436 2953 1437 3045 ρ

290 3005 369 3104 Quis
395 2990 703 3096 οἰκοδομήσαντας
730 3001 849 3080 αἰτεῖν
880 2999 988 3104 τιαροί
1013 3005 1083 3082 τοῦ
1107 2995 1360 3084 ’Λπόλλωνος

211 3146 215 3154 ·
289 3097 447 3200 μισθόν,
476 3099 540 3182 adv
566 3091 599 3180 d’
620 3098 745 3184 αὐτοῖς
766 3100 1094 3198 ἐπαγγείλασθαι
1120 3103 1169 3184 εἷς
1194 3095 1358 3201 ἑβδόμην

289 3199 432 3308 ἡμέραν
456 3193 675 3292 arridens,
701 3208 741 3284 ἐν
766 3200 931 3307 τοσούτῳ
957 3197 993 3286 d’
1019 3202 1254 3303 εὐωχεῖσθαι
1280 3231 1359 3284 τα.
1434 3293 1435 3298 ,

290 3300 628 3408 ρακελεύοασθαι·
658 3305 744 3388 τούς
772 3297 813 3386 dh
840 3303 1071 3399 ποιήσαντας
1095 3306 1141 3388 sd
1167 3331 1360 3411 τροςταχ-

291 3405 368 3488 dtr
394 3414 445 3504 τηῖ
474 3399 613 3508 ἑβδόμη
642 3404 750 3490 νυκτὶ
779 3407 1144 3503 κατακοιμηθέντας
1173 3413 1361 3498 τελεοτιῖ-
1433 3505 1434 3514 ρ

291 3539 366 3588 σαι.
415 3509 516 3580 Haec
538 3536 581 3582 ex
602 3509 691 3583 lihro
711 3510 894 3583 Plutarchi
913 3509 1103 3584 Pindarico
1125 3508 1300 3581 fluxerunt
1319 3511 1358 3582 in

290 3611 551 3684 commentarios
571 3608 884 3685 Grammaticorum
908 3624 1085 3685 veterum:
1122 3607 1204 3681 hinc
1229 3611 1356 3684 Eusta-

289 3712 384 3784 thius
420 3709 546 3782 hausit.
617 3711 766 3786 Videtur
798 3725 911 3786 autem
945 3710 1091 3785 Pindari
1126 3714 1278 3786 narratio
1314 3737 1358 3784 ex

291 3812 434 3885 Threno
452 3814 570 3910 petita,
589 3811 684 3909 quod
696 3811 992 3913 Wyttenbachius
1009 3813 1134 3886 sensit:
1159 3811 1356 3886 Boeehhius

291 3914 337 3986 fr.
355 3911 424 3988 26.
452 3911 498 3986 ad
522 3913 678 3987 Paeones
702 3915 846 3988 rettulit.

258 4133 261 4140 .
392 4065 488 4139 Illud
513 4068 638 4139 mirum
663 4059 743 4160 secl
773 4091 836 4141 cur
860 4065 1003 4140 alteram
1029 4067 1156 4140 famam
1179 4065 1223 4140 de
1248 4031 1356 4166 ipsius

291 4164 437 4238 Pindari
471 4166 570 4242 obitu
601 4168 700 4241 ahter
734 4178 837 4268 etque
870 4165 1076 4242 Enstothius
1109 4168 1235 4244 referat
1268 4167 1356 4240 Plu·

291 4265 432 4340 tarchus
471 4268 597 4343 ibidem
632 4269 709 4342 his:
757 4268 933 4366 Λέγεται
971 4261 1012 4352 dd
1051 4269 1137 4354 real·
1158 4265 1264 4376 αὐτῷ
1300 4273 1358 4374 τῷ
1427 4364 1428 4368 ρ

292 4360 464 4475 Πινδάρῳ
503 4365 769 4471 ἐπισκήψαντι
802 4377 877 4458 τοῖς
916 4372 1026 4482 rapat
1066 4379 1143 4456 τοῖν
1183 4377 1357 4455 Βοιωτῶν
