2920 4862
413 241 639 356 ’τι

82 477 195 524 ιισιισο
213 454 382 526 descivisse
393 454 502 524 vitiosa
522 454 670 542 analogia
685 453 722 520 in
742 453 885 524 fraudem
902 457 1144 545 inductoassnl·

79 543 267 622 limachum,
295 541 512 644 Apolloniatae
536 540 667 627 Orphea
690 550 722 606 et
743 539 886 628 reliquos.
936 546 1002 612 Sed
1023 549 1053 613 in
1075 551 1145 638 Hy.

80 630 163 696 mnis
175 626 352 694 Homericus
363 623 568 692 sordes-istae
582 623 733 692 eluendae
744 625 775 690 iu
788 625 871 691 hunc
884 630 1025 698 modurn:
1045 635 1145 719 primo

79 714 155 780 luco
183 713 286 781 scribe
305 710 451 796 Διοινσίη
482 737 520 778 τι
545 706 619 779 Ῥεά
646 732 703 788 aa,
729 709 827 776 altero
848 708 956 784 Ῥσῐαν
982 713 1146 786 ἐϋπλόκα-

79 823 152 885 μον
159 849 171 878 ,
197 797 290 864 tertio
315 791 425 882 ινὴτηρ
454 819 490 862 τε
516 791 624 875 Ῥιῐοι,
644 791 850 876 Zetis-nn,
875 811 987 888 quarto
1009 801 1079 866 den'
1105 827 1144 868 ue

79 881 125 969 ἢν
152 883 266 952 τέκετο
283 876 374 982 jaso.
401 878 599 982 ,Hesiodum
627 879 669 946 ad
700 878 833 946 eundern
860 881 964 984 legem
994 908 1083 952 emen
1108 909 1143 954 a:

78 989 188 1120 titt
208 963 1144 1137 ellllhlhlbthfiul'tt'tihitthttf

81 1135 249 1204 Paullatim
273 1137 313 1202 ab
340 1135 487 1221 imperitis
518 1134 549 1200 iu
571 1133 737 1202 deteriora.
751 1133 909 1220 deflexum
939 1161 1009 1206 esse
1027 1141 1143 1210 docent

82 1221 258 1310 scripturae
279 1220 443 1289 varietates
470 1243 497 1288 r.
518 1219 590 1294 453.
702 1301 705 1308 ,

432 1533 641 1636 Caput
701 1536 789 1612 vll.
921 1545 924 1556 '

81 1685 369 1754 nrounoonus.
434 1687 752 1777 Melanippion.
819 1640 1143 1776 epigrammati.

369 1773 590 1840 Anacreon.
631 1775 863 1862 Hipponax.
1127 1811 1134 1828 ι

169 1975 316 2045 Similiter
343 1979 375 2044 in
389 1977 461 2046 aliis
491 1980 593 2068 poetis
613 1979 888 2047 Alexandrinorum
911 1977 1143 2044 Grammatico-

82 2085 153 2128 rum
175 2063 304 2130 decreta
328 2065 469 2154 vilipendi
491 2065 608 2132 dolens.
657 2067 806 2132 Promam
827 2064 1011 2152 exemplum.
1062 2065 1143 2129 Oar-

82 2149 173 2214 minis
196 2149 373 2215 Archilochi
393 2157 429 2218 ἐν
454 2167 522 2227 τοῖς
540 2149 717 2239 1Θρςικικοῑς
742 2146 997 2237 άιιειληριμὲνοσ
1025 2148 1145 2220 dotauit·

83 2232 126 2298 ad
150 2234 305 2300 Glaucum
327 2235 460 2301 amicum
491 2237 598 2324 scripti
628 2237 709 2304 haec
737 2235 889 2324 particula
918 2244 967 2301 est
997 2231 1033 2297 fr.
1054 2231 1143 2297 XIII.

82 2315 247 2385 Gaisford.

167 2415 302 2512 Γλσάχ’,
334 2420 414 2508 ὅρα,
443 2419 563 2510 picride
581 2388 645 2511 γάρ
663 2421 727 2508 hilp
745 2418 894 2510 κάμσισιν
913 2421 1113 2508 ταράσσεται
1174 2425 1178 2434 ’

169 2505 305 2584 Πόντος
312 2558 323 2588 ,
352 2505 438 2594 duci
459 2503 489 2575 δ’
514 2509 598 2594 άκρσ
617 2503 735 2595 proedo
755 2503 861 2594 ὀρθάν
883 2515 1014 2573 ἵσταται
1034 2507 1146 2593 νέφος,

168 2592 273 2689 Rapsa
294 2593 455 2682 χειμῶνος
462 2639 474 2672 ,
495 2593 620 2681 κιχάνει
646 2593 678 2660 d'
700 2597 731 2670 ἐξ
754 2586 913 2676 άσλπτίης
934 2591 1050 2678 φόβος.

148 2697 322 2764 Servarunt
349 2695 430 2766 haec
457 2694 641 2772 Heraclides
670 2695 821 2762 Ponticus
851 2692 948 2780 Alleg.
972 2695 1068 2760 Hom.
1089 2693 1146 2774 IV,

81 2807 115 2872 p.
126 2783 176 2850 12.
199 2781 340 2859 Sobora,
361 2779 550 2846 Plutarchus
573 2779 613 2846 de
630 2781 795 2869 Superstit.
818 2805 847 2868 p.
860 2779 936 2857 169,
959 2779 1015 2859 B.,
1037 2778 1146 2844 'Pheo-
1254 2813 1259 2831 ι

82 2867 231 2956 phrastus
261 2867 303 2932 de
334 2866 441 2954 Signis
473 2865 670 2954 Tempestat.
692 2889 721 2955 p.
734 2865 807 2932 438.
840 2863 950 2928 Heius.
980 2878 1014 2930 et
1045 2863 1146 2932 solnm

82 2952 222 3040 priorem
243 2975 366 3018 versum
390 2951 542 3019 Maximus
567 2951 728 3017 Planudes
751 2951 782 3016 in
806 2949 1012 3034 Hermog.V,
1034 2951 1145 3037 poan.

81 3035 184 3102 Walz.
236 3035 292 3102 Ex
308 3038 371 3104 hoc
392 3035 528 3102 Maximo
557 3048 589 3103 et
609 3035 833 3126 Theophrasto
854 3033 974 3104 Ptoo’
998 3031 1059 3123 ὅρα
1090 3057 1146 3100 re-

83 3121 191 3212 posuit
211 3119 387 3186 Iacobsidsi
430 3121 514 3210 apud
538 3121 740 3189 Heraclidem
766 3059 1022 3200 ct'PIntarclum
1054 3119 1146 3208 plene

84 3207 235 3292 scripturn
265 3217 313 3270 est
335 3203 466 3276 Γλσάκο
495 3203 566 3308 ὅρα.
619 3207 692 3272 Non
723 3203 797 3271 illud
827 3205 1048 3272 commissurus
1077 3215 1147 3290 erat

84 3291 267 3369 Iacobsius‚
294 3290 319 3354 si
341 3288 548 3355 saluberrimus
563 3291 847 3357 Grammaticorum
869 3287 1146 3354 Alexandrinorum

108 3373 215 3455 lanitia,
262 3397 333 3440 uam
355 3375 560 3439 barbarorum
577 3373 770 3442 librariorum
793 3373 913 3460 stupori
930 3372 1060 3459 obsequi
1078 3396 1146 3446 ma÷

84 3397 203 3526 lhisset.
239 3399 410 3544 ⁴llusrpuam
433 3459 514 3523 enim
537 3481 650 3524 nomen
675 3457 834 3550 proprium
857 3459 900 3523 ita
920 3456 1089 3540 decurtari,
1111 3469 1146 3528 ut

85 3545 120 3610 in
138 3555 269 3695 &mal
284 3545 450 3632 diligenter
465 3541 689 3613 demonstravit
702 3542 857 3612 Mnetnell.
872 3543 912 3608 dc
927 3543 1003 3610 Hes.
1016 3543 1144 3628 Theog.

108 3678 115 3694 .
193 3679 201 3696 .
253 3629 323 3698 Nisi
355 3627 439 3720 quod
469 3629 500 3694 in
529 3627 663 3715 vulgatis
690 3629 918 3718 exemplaribus
949 3629 1083 3696 Homeri
1109 3629 1145 3696 ΙΙ,

85 3711 134 3796 Α,
150 3715 224 3780 451.
251 3727 365 3782 restat:

164 3809 210 3882 'a
229 3813 325 3907 arp‘,
346 3815 509 3922 aaaron
539 3794 601 3892 ιιι.
735 3806 740 3815 ’
853 3855 856 3864 ,

85 3922 135 3990 Ibi
162 3932 267 3990 tamen
289 3921 417 3990 Scholia
437 3925 567 3993 Victorii
589 3935 753 3994 annotant:
785 3918 922 3994 άΣάκι
949 3922 1084 3996 ἐντελῶς
1109 3926 1145 3990 οἱ

86 4002 312 4096 Ἀριστάρχου.
362 4008 531 4078 Aristarchi
560 4033 703 4082 caussam
732 4011 764 4076 in
793 4032 829 4076 rs
859 4005 948 4074 valde
969 4004 1057 4070 simili
1078 4007 1146 4092 agit

87 4091 291 4160 Herodianus
312 4091 388 4156 ibid.
409 4094 505 4162 441..
532 4095 625 4162 'l'alia
653 4097 734 4162 enirn
763 4095 807 4160 ait
834 4093 969 4160 barbara
990 4089 1031 4156 ad
1054 4112 1146 4157 anres

88 4175 242 4244 accidere
283 4175 351 4244 Nos
373 4198 447 4245 vero
468 4199 540 4244 sero
561 4182 625 4248 nati
647 4181 707 4248 ista
729 4177 1023 4266 perhorrescamus!
1056 4175 1147 4242 Red-

87 4275 141 4330 eat
160 4261 423 4349 qnodfiraecurn
443 4274 537 4331 sonat
561 4265 721 4342 raama·
739 4261 800 4349 ὅροι
824 4265 894 4342 κτλ.
936 4260 967 4326 Ν
1009 4281 1050 4326 ue
1067 4282 1147 4340 casn

88 4359 370 4423 rerumaerraunn
386 4369 474 4420 crue.
483 4347 569 4435 apud
592 4347 794 4418 Heraclidem
814 4360 848 4416 et
865 4346 976 4416 Plau
1019 4367 1147 4414 nnn-no·
