2920 4862
389 1354 915 1488 PROQEMIUM.

562 1566 748 1584 *-

222 1817 340 1910 Quum
370 1819 450 1894 olim
476 1817 618 1894 Grozius
650 1820 687 1892 in
716 1817 874 1916 Epistola
899 1815 944 1890 ad
969 1818 1024 1894 Io.
1050 1816 1180 1894 Christ.

3 1902 10 1968 s
121 1915 297 1992 Wollium
330 1933 523 2014 narrasset,
564 1947 601 1994 se
638 1919 882 2017 praefationem
920 1918 964 1990 ab
1000 1919 1184 1996 Eustatbio

3 2065 5 2100 e
121 2019 389 2116 interpretationi
410 2048 492 2114 suae
516 2023 704 2094 carminum
723 2021 988 2093 Pindaricorum
1010 2026 1181 2118 praeposi-

40 2179 45 2186 .
120 2129 190 2190 tam
206 2123 287 2194 satis
301 2123 439 2222 longam
455 2149 528 2195 eam
547 2134 581 2196 et
597 2121 764 2194 eruditam
780 2123 904 2196 vidisse
919 2124 955 2194 in
969 2119 1185 2195 Bibliotheca
1221 2213 1222 2218 ἵ

3 2215 5 2246 ³
120 2219 332 2315 Basileeusi,
367 2222 619 2322 Gishertusque
644 2223 803 2322 Cuperus
825 2225 1018 2295 sciscitatus
1041 2247 1062 2294 a
1082 2221 1183 2295 Basi-

120 2319 292 2393 leensibus
312 2347 514 2418 responsum
537 2323 692 2416 tulisset,
706 2323 874 2397 *codicem
897 2323 995 2395 illum
1018 2323 1086 2394 iam
1108 2351 1178 2396 non

14 2442 24 2462 ⁴
120 2431 255 2494 exstare
288 2423 325 2492 in
359 2421 575 2497 Bibliotheca
609 2450 694 2515 sua,
744 2453 780 2496 v.
815 2424 1000 2524 Bocchhiix
1014 2424 1178 2496 Prooem.

5 2601 6 2604 Ἴ
119 2519 257 2594 Scholl.
285 2547 456 2617 pamm:
485 2549 595 2618 nuper
616 2524 753 2594 demum
775 2523 1032 2598 Leonardus
1056 2525 1183 2624 Tale·

5 2678 8 2686 .
119 2620 231 2709 lius,
258 2621 442 2696 Professor
461 2622 719 2722 Tubingensis,
746 2623 920 2696 Eustatbii
939 2624 1129 2721 Opusculis
1150 2639 1185 2698 et

119 2746 164 2794 ex
181 2721 257 2794 aliis
275 2733 311 2796 ct
329 2749 373 2795 ex
391 2724 470 2822 ipso
491 2723 552 2798 1110
573 2723 691 2798 codice
711 2723 811 2796 editis
831 2726 953 2797 eximie
970 2725 1013 2796 dc
1034 2726 1184 2821 antiqui·

118 2824 197 2896 tatis
215 2823 397 2922 disciplina
412 2827 552 2898 meritus
567 2837 635 2898 est·
688 2823 898 2898 Prodierunt
912 2826 979 2898 viri
996 2825 1185 2900 doctissimi

119 2947 203 2996 cura
240 2925 419 3000 Eustathii
455 2923 634 3026 Opuscula
667 2925 889 3000 Francofnrti
922 2925 968 2998 ad
1000 2925 1056 3002 M.
1093 2952 1185 3002 anno
1309 2994 1314 3001 .

118 3021 464 3100 Mocccxxxll.
500 3027 544 3102 10
559 3027 686 3127 quibus
697 3029 787 3102 inest
799 3027 859 3100 illa
873 3025 1050 3102 bominum
1066 3027 1185 3102 docto·

117 3151 196 3198 rum
219 3128 309 3200 rotis
329 3125 459 3202 dudum
479 3132 627 3230 erpetita
644 3129 823 3228 praelatio.
876 3127 1103 3227 Quanquam
1124 3129 1185 3202 de·

6 3294 11 3328 η,
119 3224 253 3300 litescat
274 3229 365 3301 inter
388 3255 449 3322 ea,
484 3256 573 3328 quae
593 3229 637 3302 ab
656 3232 867 3329 antiquitatis
889 3228 1045 3304 Graecae
1066 3253 1186 3302 aman-

118 3325 211 3400 tibus
231 3327 370 3427 longius
391 3342 520 3404 remota
537 3329 860 3406 Ecclesiasticarum
878 3355 995 3403 rerum
1015 3340 1184 3404 scrutato·

117 3425 215 3506 ribus
243 3430 323 3502 usui
348 3455 423 3504 esse
449 3442 612 3529 possunt,
650 3451 718 3504 non
747 3428 968 3524 mirabimur,
1004 3431 1185 3511 doctorum
1246 3483 1247 3488 ,

117 3525 296 3602 hominum
318 3531 449 3605 animos
468 3532 656 3629 oculosque
674 3529 828 3604 nondum
845 3532 883 3602 in
901 3556 938 3606 se
959 3535 1186 3607 convertisse..

6 3628 14 3646 ‘
118 3627 200 3726 Ego·
219 3657 302 3704 vero
324 3657 432 3730 quum
454 3635 667 3731 prooemium
685 3631 772 3704 illud
795 3631 1056 3730 perlustrassem
1078 3633 1184 3706 vidis-

118 3753 258 3825 semque
279 3733 325 3804 ita
345 3759 422 3808 esse
443 3744 696 3832 comparatum,
730 3745 770 3806 nt
795 3735 855 3806 vix
875 3749 967 3808 esset
986 3735 1080 3833 quod
1103 3758 1183 3806 cum

118 3854 160 3904 eo
191 3827 248 3902 vel
277 3846 436 3908 accurate
457 3836 580 3908 tradita
605 3833 764 3908 doctrina
790 3833 846 3906 vel
873 3861 1039 3910 novarum
1066 3858 1184 3916 rerum

119 3927 273 4006 ubertate
299 3946 415 4030 posset
437 3936 663 4030 contendere,
697 3935 877 4010 consilium
902 3937 978 4034 cepi
1000 3935 1181 4032 separatim

15 4084 18 4093 .
118 4029 247 4104 editum
273 4031 485 4110 Graecarum
508 4037 683 4112 literarum
705 4049 739 4112 et
759 4038 916 4134 inprimis
940 4035 1086 4108 Pindari
1108 4046 1180 4110 stu·

118 4129 223 4206 diesis
247 4137 399 4232 paratius
423 4138 537 4230 lacere
561 4150 663 4238 atque
687 4137 890 4236 promptius.

216 4235 285 4309 Est
312 4247 426 4312 autem
459 4239 564 4314 bomo
594 4239 696 4338 plane
724 4241 755 4312 is
784 4263 887 4337 quem
918 4238 955 4308 in
980 4235 1179 4310 Homericis

7 4393 8 4398 ,
117 4333 423 4434 deprehendimus:
458 4340 676 4416 auctoribus
697 4342 768 4438 suis
781 4337 877 4416 ,adeo
899 4362 1107 4438 suspensus,
1143 4346 1180 4408 ut
