2920 4862
604 276 669 371 aar

90 513 93 518 Α
182 449 232 516 lta
257 447 404 520 Walnius.
446 448 626 516 Monstrore
648 441 791 546 codices:
820 463 893 516 natu
917 443 1043 516 lrlonac.
1063 445 1160 525 cleos

83 526 157 602 οὐκ
182 536 382 618 tellemar,-
413 533 515 600 Paris.
529 533 560 598 2.
588 534 679 607 slusa
704 555 766 600 oua
790 533 983 614 ἐθέλοντεςς
1014 532 1159 602 Parisl.

82 620 175 686 Ven.
204 617 267 687 τίν’
293 614 351 688 οὐκ
378 621 550 688 ἐθέλοντα.
599 617 683 682 Hinc
704 625 848 702 apertum
869 628 933 694 ast,
962 620 1158 705 anonymum

82 702 224 770 dedisse
244 704 358 790 Φημί
382 700 459 772 τιν’
485 697 563 774 caio
584 703 814 780 ἐθέλοντα,
843 699 930 787 quod
952 723 1044 768 nemo
1065 723 1157 789 prae·

82 787 200 856 tulerit
229 787 381 854 Athenaei
410 797 443 854 et
472 786 640 854 Siceliotae
669 785 847 873 scripturae
878 787 972 873 qut
1004 782 1064 857 τὸν
1096 785 1156 856 οὐκ

82 881 149 941 ἐθ.
167 909 209 920 -
258 873 365 942 Altero
394 892 486 938 versu
514 870 601 936 Mon.
628 869 704 936 Par.
732 866 819 956 peuri
850 870 987 943 dotarunt!
1014 865 1066 940 ἐπ’
1096 869 1155 960 η’ὥ,

85 959 206 1026 Venet.
228 950 369 1026 Ἐπειῶι
395 957 484 1045 μέγα
506 977 545 1024 cx
566 955 728 1026 Athenaeo
752 955 893 1044 reposuit
912 955 1061 1031 Walnius.

304 1249 306 1256 Ι
383 1232 384 1236 ¹
449 1265 660 1368 Caput
720 1267 793 1342 xl.

132 1419 206 1488 Ion
228 1418 371 1488 Chius·
412 1419 600 1487 Achaeus
625 1419 891 1489 Eretriensis.
934 1420 1110 1512 Sappho.

178 1625 277 1694 Valde
299 1621 389 1692 nobis
417 1647 541 1714 semper
561 1626 643 1693 visus
668 1637 717 1694 est
740 1625 929 1705 admirabilis
956 1638 1052 1715 poeta
1077 1627 1151 1692 Ion

86 1711 231 1780 Chius.
275 1711 421 1800 Namque
437 1711 463 1777 is
479 1734 576 1800 quum
592 1735 630 1778 ea
648 1725 752 1780 aetate
769 1713 894 1794 viveret,
915 1736 998 1802 quae
1013 1714 1152 1781 omnium

83 1798 203 1864 artium
223 1797 305 1868 inter
322 1799 465 1864 Graecos
487 1795 713 1884 perfectionem
735 1797 861 1866 vidisset
881 1801 1151 1883 maximorumque

83 1883 120 1946 in
146 1880 229 1948 omri
257 1904 378 1970 genere
401 1882 589 1984 scriptorum
616 1884 707 1969 copia
731 1883 876 1950 floreret:
908 1885 979 1969 ipse
1002 1883 1150 1968 aequales
1178 1909 1213 1926 f
1305 1960 1307 1964 .

85 1988 207 2044 omnes
241 1979 291 2034 ost
310 1991 345 2034 se
367 1967 505 2055 reliquit,
526 1968 578 2055 qui
599 1969 725 2055 quidem
747 1989 808 2033 non
831 1967 931 2044 solum
975 1979 1047 2036 neta
1067 1977 1152 2035 esset

83 1991 251 2120 laudabilis
271 2053 523 2140 tragoediarum,
546 2054 716 2120 carminum
737 2053 932 2128 melicorum,
953 1991 1149 2139 illegiarum,

83 2173 133 2186 —
154 2136 333 2202 comoedias
354 2160 417 2202 non
439 2137 563 2224 scripsit
577 2173 619 2188 ··-
640 2140 697 2227 sed
719 2139 860 2204 excussis
882 2138 1009 2204 vinculis
1032 2137 1149 2203 oratio·

84 2221 137 2287 nis
164 2221 206 2287 ad
234 2221 412 2307 pedestrem
440 2244 617 2290 sermonem
645 2221 853 2290 descenderet
882 2223 1089 2309 historiasque
1116 2233 1149 2288 et

84 2305 332 2371 commentarios
362 2317 394 2371 et
423 2305 607 2394 philosopha
636 2309 753 2394 scripta
781 2306 940 2379 conderet.
980 2307 1149 2392 'Magnum

82 2391 151 2457 lucc
172 2387 317 2478 prolecto
340 2388 371 2454 in
396 2390 528 2456 Graecis
550 2404 583 2458 et
603 2391 752 2458 versatilis
780 2391 898 2478 ingenii
923 2391 1053 2462 hominis
1076 2391 1149 2458 Chii

81 2473 362 2542 luculentissimum
385 2471 616 2542 documentum.
659 2475 776 2542 Graeci
799 2478 880 2542 enim
902 2499 998 2564 quum
1018 2477 1051 2542 in
1070 2476 1148 2545 seri-

23 2593 27 2604 ·
83 2560 194 2626 hendo
222 2560 351 2648 genium
378 2581 469 2626 suum
495 2573 702 2648 sequerentur
728 2571 760 2638 et
786 2575 929 2638 naturam
955 2562 1085 2644 ducem,
1115 2560 1148 2626 in

83 2646 124 2710 iis
152 2646 358 2714 constiterunt
387 2643 429 2710 ad
459 2665 542 2732 quae
570 2667 605 2710 se
633 2657 723 2712 natos
752 2656 784 2712 et
811 2646 956 2726 incitatos
987 2647 1148 2722 sentirent

85 2730 184 2796 Unde
216 2731 334 2798 lactum
368 2739 437 2808 est,
480 2741 514 2796 nt
547 2729 704 2806 rarissime
736 2730 821 2796 idem
853 2740 948 2818 poeta
980 2741 1065 2797 esset
1095 2729 1149 2816 qui

86 2816 236 2904 scriptor,
260 2817 395 2904 scriptor
411 2812 464 2902 qni
481 2825 584 2902 poeta.
625 2814 700 2883 Non
720 2806 875 2903 loquimur
895 2814 936 2892 de
953 2815 1148 2902 temporibus

88 2901 326 2986 posterioribus,
348 2899 476 2988 quaein
493 2897 636 2968 doctrina
652 2898 807 2970 tradenda
824 2911 982 2988 occupata
998 2898 1148 2968 terminos

85 2987 167 3050 inter
198 3007 323 3071 prosam
350 2985 522 3064 orationem
538 2997 583 3056 ¹et
604 2986 737 3054 vinctam
759 2987 929 3075 antiquitus
959 2987 1147 3054 constitutos

86 3067 279 3138 revellerent.
331 3071 467 3140 Factum
493 3069 527 3136 id
556 3084 660 3142 aetate
679 3073 967 3140 'Alexandrinorum
996 3073 1148 3152 marime;

87 3153 239 3221 Romanis
262 3153 362 3226 minus
382 3153 572 3236 inauditum,
601 3159 675 3224 satis
696 3161 813 3226 bonum
833 3183 904 3238 esse
923 3157 1050 3246 poetam
1068 3177 1147 3227 eun-

86 3239 223 3327 demque
249 3239 280 3304 in
307 3239 449 3316 oratione
474 3241 575 3306 solnta
600 3242 762 3322 excellere
812 3243 903 3331 Apud
924 3245 1068 3310 Graecos
1088 3241 1147 3306 lou

87 3324 205 3411 primus
228 3324 357 3403 exstitit,
382 3323 436 3410 qui
456 3336 624 3413 utrumque
643 3350 706 3392 non
727 3329 795 3418 sine
817 3329 910 3406 laude
927 3329 1147 3414 coniungeret.

169 3425 244 3492 Non
275 3447 436 3506 veremur,
481 3447 521 3491 ne
551 3428 620 3513 quis
656 3430 813 3498 Hecataei
846 3429 956 3496 Milesii
992 3423 1147 3514 dedoceas

84 3502 296 3598 ripoalayalou
327 3511 411 3599 apud
434 3511 637 3614 'Harpocrat
669 3539 696 3581 v.
723 3511 921 3616 testatam·
936 3515 969 3580 in
999 3513 1145 3616 auxilium

84 3607 666 3750 tttt‘natltttt¹¹l³tt⁰tlt¹t
683 3599 832 3760 mad
851 3600 900 3669 ‘¹⁰
927 3598 1144 3753 liinqliill

127 3765 135 3782 ι
547 3705 583 3787 p·
621 3771 629 3787 ·
668 3707 759 3754 mum.
790 3771 799 3788 ι
833 3709 894 3788 uae
916 3708 955 3752 au
989 3771 996 3787 ι
1041 3704 1063 3776 p

85 3764 694 3922 ‘tutucumulatur
716 3770 765 3923 :0¹
790 3793 855 3921 'u
876 3766 1144 3921 ortana

10 3972 23 4004 s
78 3872 325 4038 'illicriiuntul'p
339 3983 341 3994 ,
355 3936 555 4007 tut-Pindaro
575 3878 1051 4042 ‘saintiyit‹lquiemiaivs‘qac
1076 3951 1144 4014 τοῖς

93 4019 254 4106 Ελλησιν,
290 4020 337 4088 vel
367 4022 494 4110 regulas
527 4037 601 4090 artus
635 4027 776 4114 ipsorum
808 4024 893 4091 nude
925 4023 1144 4110 explicuerunt

85 4104 166 4172 omni
189 4103 333 4187 detracto
353 4108 637 4184 ornatuorationis
662 4110 785 4186 dicend'
810 4131 850 4176 ue
874 4108 1048 4196 elegantia,
1078 4125 1172 4194 qua*—

83 4189 190 4353 altu
203 4191 399 4363 traua?
415 4191 484 4429 qt.
501 4133 1049 4351 aaranaltana
1064 4191 1143 4342 at

10 4387 12 4454 q
84 4357 316 4430 Hermionensis
344 4361 399 4449 qui
443 4385 529 4432 ursae
556 4363 672 4436 dicitur
698 4367 820 4472 librum
848 4363 891 4432 de
921 4374 991 4435 arte
1022 4361 1142 4432 musica

10 4649 13 4851 l
118 4797 122 4808 .
